timestamp,buy,sell,quantity,price,trade_id
1728721638868,False,True,157900.0,9.9e-06,196481678
1728721640519,True,False,2390908.0,9.89e-06,196481679
1728721641019,False,True,25888201.0,9.9e-06,196481680
1728721641019,False,True,151746.0,9.9e-06,196481681
1728721641019,False,True,151746.0,9.9e-06,196481682
1728721641019,False,True,130517.0,9.9e-06,196481683
1728721641019,False,True,74687891.0,9.9e-06,196481684
1728721645561,False,True,10101010.0,9.9e-06,196481685
1728721645980,False,True,16221200.0,9.9e-06,196481686
1728721645980,False,True,125974.0,9.9e-06,196481687
1728721645980,False,True,167286.0,9.9e-06,196481688
1728721645980,False,True,163880.0,9.9e-06,196481689
1728721645980,False,True,1380202.0,9.9e-06,196481690
1728721645980,False,True,167286.0,9.9e-06,196481691
1728721645980,False,True,215775.0,9.9e-06,196481692
1728721645980,False,True,2059793.0,9.9e-06,196481693
1728721645980,False,True,428861.0,9.9e-06,196481694
1728721645980,False,True,185681.0,9.9e-06,196481695
1728721645980,False,True,149039.0,9.9e-06,196481696
1728721645980,False,True,210291.0,9.9e-06,196481697
1728721645980,False,True,191044.0,9.9e-06,196481698
1728721645980,False,True,240166.0,9.9e-06,196481699
1728721645980,False,True,118711.0,9.9e-06,196481700
1728721645980,False,True,105431.0,9.9e-06,196481701
1728721645980,False,True,1665146.0,9.9e-06,196481702
1728721645980,False,True,3989689.0,9.9e-06,196481703
1728721645980,False,True,112107.0,9.9e-06,196481704
1728721645980,False,True,123682.0,9.9e-06,196481705
1728721645980,False,True,108019.0,9.9e-06,196481706
1728721645980,False,True,327257.0,9.9e-06,196481707
1728721645980,False,True,102417770.0,9.9e-06,196481708
1728721645980,False,True,335587.0,9.9e-06,196481709
1728721645980,False,True,119090.0,9.9e-06,196481710
1728721645980,False,True,142309.0,9.9e-06,196481711
1728721645980,False,True,528283.0,9.9e-06,196481712
1728721645980,False,True,196127.0,9.9e-06,196481713
1728721645980,False,True,162777.0,9.9e-06,196481714
1728721645980,False,True,147746.0,9.9e-06,196481715
1728721645980,False,True,114556.0,9.9e-06,196481716
1728721645980,False,True,117589.0,9.9e-06,196481717
1728721645980,False,True,120296.0,9.9e-06,196481718
1728721645980,False,True,859466.0,9.9e-06,196481719
1728721645980,False,True,120119.0,9.9e-06,196481720
1728721645980,False,True,112112.0,9.9e-06,196481721
1728721645980,False,True,118862.0,9.9e-06,196481722
1728721645980,False,True,121827.0,9.9e-06,196481723
1728721645980,False,True,243370.0,9.9e-06,196481724
1728721645980,False,True,199136.0,9.9e-06,196481725
1728721645980,False,True,111112.0,9.9e-06,196481726
1728721645980,False,True,1826439.0,9.9e-06,196481727
1728721645980,False,True,923076.0,9.9e-06,196481728
1728721645980,False,True,189598.0,9.9e-06,196481729
1728721645980,False,True,115836.0,9.9e-06,196481730
1728721645980,False,True,177350.0,9.9e-06,196481731
1728721645980,False,True,107371.0,9.9e-06,196481732
1728721645980,False,True,164447.0,9.9e-06,196481733
1728721645980,False,True,157706.0,9.9e-06,196481734
1728721645980,False,True,118429.0,9.9e-06,196481735
1728721645980,False,True,120277.0,9.9e-06,196481736
1728721645980,False,True,192130.0,9.9e-06,196481737
1728721645980,False,True,249011.0,9.9e-06,196481738
1728721645980,False,True,1600429.0,9.9e-06,196481739
1728721645980,False,True,1592607.0,9.9e-06,196481740
1728721645980,False,True,350155.0,9.9e-06,196481741
1728721645980,False,True,2861826.0,9.9e-06,196481742
1728721645980,False,True,147971.0,9.9e-06,196481743
1728721645980,False,True,967795.0,9.9e-06,196481744
1728721645980,False,True,286999.0,9.9e-06,196481745
1728721645980,False,True,6963075.0,9.9e-06,196481746
1728721645980,False,True,112179.0,9.9e-06,196481747
1728721645980,False,True,164925.0,9.9e-06,196481748
1728721645980,False,True,164466.0,9.9e-06,196481749
1728721645980,False,True,164647.0,9.9e-06,196481750
1728721645980,False,True,360586.0,9.9e-06,196481751
1728721645980,False,True,112549.0,9.9e-06,196481752
1728721645980,False,True,203239.0,9.9e-06,196481753
1728721645980,False,True,3998403.0,9.9e-06,196481754
1728721645980,False,True,188218.0,9.9e-06,196481755
1728721645980,False,True,405066.0,9.9e-06,196481756
1728721645980,False,True,245204.0,9.9e-06,196481757
1728721645980,False,True,205473.0,9.9e-06,196481758
1728721645980,False,True,247719.0,9.9e-06,196481759
1728721645980,False,True,267260.0,9.9e-06,196481760
1728721645980,False,True,185201.0,9.9e-06,196481761
1728721645980,False,True,163996.0,9.9e-06,196481762
1728721645980,False,True,139133.0,9.9e-06,196481763
1728721645980,False,True,170327.0,9.9e-06,196481764
1728721645980,False,True,429691.0,9.9e-06,196481765
1728721645980,False,True,125491.0,9.9e-06,196481766
1728721645980,False,True,113116.0,9.9e-06,196481767
1728721645980,False,True,313519.0,9.9e-06,196481768
1728721645980,False,True,150285.0,9.9e-06,196481769
1728721645980,False,True,1894489.0,9.9e-06,196481770
1728721645980,False,True,123193.0,9.9e-06,196481771
1728721645980,False,True,1456218.0,9.9e-06,196481772
1728721645980,False,True,154437.0,9.9e-06,196481773
1728721645980,False,True,272045.0,9.9e-06,196481774
1728721645980,False,True,165038.0,9.9e-06,196481775
1728721645980,False,True,171618.0,9.9e-06,196481776
1728721645980,False,True,113030.0,9.9e-06,196481777
1728721645980,False,True,108695.0,9.9e-06,196481778
1728721645980,False,True,164466.0,9.9e-06,196481779
1728721645980,False,True,1782702.0,9.9e-06,196481780
1728721645980,False,True,1235476.0,9.9e-06,196481781
1728721645980,False,True,178774.0,9.9e-06,196481782
1728721645980,False,True,133395.0,9.9e-06,196481783
1728721645980,False,True,855942.0,9.9e-06,196481784
1728721645980,False,True,1294126.0,9.9e-06,196481785
1728721645980,False,True,129123.0,9.9e-06,196481786
1728721645980,False,True,596714.0,9.9e-06,196481787
1728721645980,False,True,168251.0,9.9e-06,196481788
1728721645980,False,True,189646.0,9.9e-06,196481789
1728721645980,False,True,181020.0,9.9e-06,196481790
1728721645980,False,True,5835866.0,9.9e-06,196481791
1728721645980,False,True,195262.0,9.9e-06,196481792
1728721645980,False,True,446346.0,9.9e-06,196481793
1728721645980,False,True,213039.0,9.9e-06,196481794
1728721645980,False,True,852486.0,9.9e-06,196481795
1728721645980,False,True,740406.0,9.9e-06,196481796
1728721645980,False,True,290684.0,9.9e-06,196481797
1728721645980,False,True,324757.0,9.9e-06,196481798
1728721645980,False,True,265219.0,9.9e-06,196481799
1728721645980,False,True,116583.0,9.9e-06,196481800
1728721645980,False,True,186366.0,9.9e-06,196481801
1728721645980,False,True,453647.0,9.9e-06,196481802
1728721645980,False,True,975468.0,9.9e-06,196481803
1728721645980,False,True,432029.0,9.9e-06,196481804
1728721645980,False,True,1935152.0,9.9e-06,196481805
1728721645980,False,True,376802.0,9.9e-06,196481806
1728721645980,False,True,2688622.0,9.9e-06,196481807
1728721645980,False,True,624174.0,9.9e-06,196481808
1728721645980,False,True,553038040.0,9.9e-06,196481809
1728721645980,False,True,260721.0,9.9e-06,196481810
1728721645980,False,True,4747440.0,9.9e-06,196481811
1728721645980,False,True,532661.0,9.9e-06,196481812
1728721645980,False,True,160605.0,9.9e-06,196481813
1728721645980,False,True,154928.0,9.9e-06,196481814
1728721645980,False,True,157038.0,9.9e-06,196481815
1728721645980,False,True,280552.0,9.9e-06,196481816
1728721645980,False,True,319816.0,9.9e-06,196481817
1728721645980,False,True,170234.0,9.9e-06,196481818
1728721645980,False,True,203595.0,9.9e-06,196481819
1728721645980,False,True,702388.0,9.9e-06,196481820
1728721645980,False,True,3276428.0,9.9e-06,196481821
1728721645980,False,True,154372.0,9.9e-06,196481822
1728721645980,False,True,155374.0,9.9e-06,196481823
1728721645980,False,True,157542.0,9.9e-06,196481824
1728721645980,False,True,155404.0,9.9e-06,196481825
1728721645980,False,True,466825.0,9.9e-06,196481826
1728721645980,False,True,343573.0,9.9e-06,196481827
1728721645980,False,True,181249.0,9.9e-06,196481828
1728721645980,False,True,206647.0,9.9e-06,196481829
1728721645980,False,True,190790.0,9.9e-06,196481830
1728721645980,False,True,307140.0,9.9e-06,196481831
1728721645980,False,True,750081.0,9.9e-06,196481832
1728721645980,False,True,252348.0,9.9e-06,196481833
1728721645980,False,True,48505462.0,9.9e-06,196481834
1728721645980,False,True,173966.0,9.9e-06,196481835
1728721645980,False,True,241117.0,9.9e-06,196481836
1728721645980,False,True,8461633.0,9.9e-06,196481837
1728721645980,False,True,349464.0,9.9e-06,196481838
1728721645980,False,True,1408150.0,9.9e-06,196481839
1728721645980,False,True,154174.0,9.9e-06,196481840
1728721645980,False,True,352244.0,9.9e-06,196481841
1728721645980,False,True,154335.0,9.9e-06,196481842
1728721645980,False,True,352598.0,9.9e-06,196481843
1728721645980,False,True,156761.0,9.9e-06,196481844
1728721645980,False,True,371164.0,9.9e-06,196481845
1728721645980,False,True,187051.0,9.9e-06,196481846
1728721645980,False,True,154566.0,9.9e-06,196481847
1728721645980,False,True,222617.0,9.9e-06,196481848
1728721645980,False,True,312678.0,9.9e-06,196481849
1728721645980,False,True,548412.0,9.9e-06,196481850
1728721645980,False,True,155818.0,9.9e-06,196481851
1728721645980,False,True,161353.0,9.9e-06,196481852
1728721645980,False,True,157057.0,9.9e-06,196481853
1728721645980,False,True,181015.0,9.9e-06,196481854
1728721645980,False,True,362922.0,9.9e-06,196481855
1728721645980,False,True,118784.0,9.9e-06,196481856
1728721645980,False,True,154424.0,9.9e-06,196481857
1728721645980,False,True,165595.0,9.9e-06,196481858
1728721645980,False,True,1726106.0,9.9e-06,196481859
1728721645980,False,True,157996.0,9.9e-06,196481860
1728721645980,False,True,222665.0,9.9e-06,196481861
1728721645980,False,True,161815.0,9.9e-06,196481862
1728721645980,False,True,4271058.0,9.9e-06,196481863
1728721645980,False,True,181456.0,9.9e-06,196481864
1728721645980,False,True,18341934.0,9.9e-06,196481865
1728721645980,False,True,361777.0,9.9e-06,196481866
1728721645980,False,True,185368.0,9.9e-06,196481867
1728721645980,False,True,500713.0,9.9e-06,196481868
1728721645980,False,True,314795.0,9.9e-06,196481869
1728721645980,False,True,161976996.0,9.9e-06,196481870
1728721648962,True,False,17416602.0,9.89e-06,196481871
1728721653192,True,False,3000000.0,9.89e-06,196481872
1728721653549,False,True,101562492.0,9.9e-06,196481873
1728721655547,False,True,56666666.0,9.9e-06,196481874
1728721655720,True,False,33333332.0,9.89e-06,196481875
1728721656172,False,True,327491649.0,9.9e-06,196481876
1728721657719,True,False,33333334.0,9.89e-06,196481877
1728721657867,False,True,2021703.0,9.9e-06,196481878
1728721658267,True,False,157127.0,9.89e-06,196481879
1728721658719,True,False,33333334.0,9.89e-06,196481880
1728721659938,True,False,10324559.0,9.89e-06,196481881
1728721660722,False,True,2239017.0,9.9e-06,196481882
1728721662147,False,True,1317261.0,9.9e-06,196481883
1728721663320,False,True,101010101.0,9.9e-06,196481884
1728721664231,False,True,16988660.0,9.9e-06,196481885
1728721670267,True,False,422598.0,9.89e-06,196481886
1728721671881,False,True,11777692.0,9.9e-06,196481887
1728721672819,True,False,2451408.0,9.89e-06,196481888
1728721673151,True,False,242270113.0,9.89e-06,196481889
1728721674261,False,True,198742001.0,9.9e-06,196481890
1728721674529,True,False,15000000.0,9.89e-06,196481891
1728721676654,True,False,184732.0,9.89e-06,196481892
1728721678666,False,True,13129519.0,9.9e-06,196481893
1728721682106,True,False,145393.0,9.89e-06,196481894
1728721683517,False,True,767868.0,9.9e-06,196481895
1728721684217,True,False,101144431.0,9.89e-06,196481896
1728721685216,False,True,18189576.0,9.9e-06,196481897
1728721686233,False,True,2049916.0,9.9e-06,196481898
1728721687605,True,False,169163998.0,9.89e-06,196481899
1728721688924,False,True,5239452.0,9.9e-06,196481900
1728721690825,False,True,100000000.0,9.9e-06,196481901
1728721690953,True,False,10355701.0,9.89e-06,196481902
1728721691130,True,False,138572.0,9.89e-06,196481903
1728721692107,True,False,12815957.0,9.89e-06,196481904
1728721696652,False,True,7134984.0,9.9e-06,196481905
1728721697914,False,True,95399681.0,9.9e-06,196481906
1728721702807,False,True,2525252.0,9.9e-06,196481907
1728721703513,False,True,20441578.0,9.9e-06,196481908
1728721706945,False,True,1256281.0,9.9e-06,196481909
1728721707170,False,True,47680387.0,9.9e-06,196481910
1728721708179,False,True,219191.0,9.9e-06,196481911
1728721710362,True,False,9204302.0,9.89e-06,196481912
1728721710364,True,False,5559249.0,9.89e-06,196481913
1728721710364,True,False,16055025.0,9.89e-06,196481914
1728721710364,True,False,19372371.0,9.89e-06,196481915
1728721710364,True,False,20300353.0,9.89e-06,196481916
1728721710364,True,False,131367998.0,9.89e-06,196481917
1728721710364,True,False,156369.0,9.89e-06,196481918
1728721710364,True,False,5358149.0,9.89e-06,196481919
1728721710364,True,False,15977629.0,9.89e-06,196481920
1728721710364,True,False,130517.0,9.89e-06,196481921
1728721710364,True,False,104004160.0,9.89e-06,196481922
1728721710364,True,False,15166835.0,9.89e-06,196481923
1728721710364,True,False,20000000.0,9.89e-06,196481924
1728721710364,True,False,40000000.0,9.89e-06,196481925
1728721710364,True,False,80000000.0,9.89e-06,196481926
1728721710364,True,False,13981000.0,9.89e-06,196481927
1728721710364,True,False,14024000.0,9.89e-06,196481928
1728721710364,True,False,40000000.0,9.89e-06,196481929
1728721710364,True,False,20000000.0,9.89e-06,196481930
1728721710364,True,False,31722000.0,9.89e-06,196481931
1728721710364,True,False,18787000.0,9.89e-06,196481932
1728721710364,True,False,1942379.0,9.89e-06,196481933
1728721710364,True,False,87112892.0,9.89e-06,196481934
1728721710364,True,False,31865000.0,9.89e-06,196481935
1728721710364,True,False,20973000.0,9.89e-06,196481936
1728721710364,True,False,15016000.0,9.89e-06,196481937
1728721710364,True,False,33245000.0,9.89e-06,196481938
1728721710364,True,False,15460000.0,9.89e-06,196481939
1728721710364,True,False,5364000.0,9.89e-06,196481940
1728721710364,True,False,15496000.0,9.89e-06,196481941
1728721710364,True,False,14644000.0,9.89e-06,196481942
1728721710364,True,False,30375000.0,9.89e-06,196481943
1728721710364,True,False,30245000.0,9.89e-06,196481944
1728721710364,True,False,32172000.0,9.89e-06,196481945
1728721710364,True,False,30672000.0,9.89e-06,196481946
1728721710364,True,False,32320000.0,9.89e-06,196481947
1728721710364,True,False,32172000.0,9.89e-06,196481948
1728721710364,True,False,32136000.0,9.89e-06,196481949
1728721710364,True,False,14612000.0,9.89e-06,196481950
1728721710364,True,False,30343000.0,9.89e-06,196481951
1728721710364,True,False,14723000.0,9.89e-06,196481952
1728721710364,True,False,30278000.0,9.89e-06,196481953
1728721710364,True,False,30375000.0,9.89e-06,196481954
1728721710364,True,False,5707000.0,9.89e-06,196481955
1728721710364,True,False,14755000.0,9.89e-06,196481956
1728721710364,True,False,844752562.0,9.89e-06,196481957
1728721710364,True,False,1048743740.0,9.89e-06,196481958
1728721710364,True,False,15207923.0,9.89e-06,196481959
1728721710364,True,False,6978910.0,9.89e-06,196481960
1728721710364,True,False,10111223.0,9.89e-06,196481961
1728721710364,True,False,785320.0,9.89e-06,196481962
1728721710364,True,False,90385702.0,9.89e-06,196481963
1728721710364,True,False,146689675.0,9.89e-06,196481964
1728721710364,True,False,124958226.0,9.89e-06,196481965
1728721710364,True,False,106168.0,9.89e-06,196481966
1728721710364,True,False,190000.0,9.89e-06,196481967
1728721710364,True,False,110000.0,9.89e-06,196481968
1728721710364,True,False,190000.0,9.89e-06,196481969
1728721710364,True,False,1011476234.0,9.89e-06,196481970
1728721710364,True,False,30333024.0,9.89e-06,196481971
1728721710364,True,False,30166826.0,9.89e-06,196481972
1728721710364,True,False,91959755.0,9.89e-06,196481973
1728721710364,True,False,106168.0,9.89e-06,196481974
1728721710364,True,False,190000.0,9.89e-06,196481975
1728721710364,True,False,110000.0,9.89e-06,196481976
1728721710364,True,False,190000.0,9.89e-06,196481977
1728721710364,True,False,106168.0,9.89e-06,196481978
1728721710364,True,False,190000.0,9.89e-06,196481979
1728721710364,True,False,110000.0,9.89e-06,196481980
1728721710364,True,False,190000.0,9.89e-06,196481981
1728721710364,True,False,106168.0,9.89e-06,196481982
1728721710364,True,False,190000.0,9.89e-06,196481983
1728721710364,True,False,110000.0,9.89e-06,196481984
1728721710364,True,False,190000.0,9.89e-06,196481985
1728721710364,True,False,106168.0,9.89e-06,196481986
1728721710364,True,False,190000.0,9.89e-06,196481987
1728721710364,True,False,110000.0,9.89e-06,196481988
1728721710364,True,False,190000.0,9.89e-06,196481989
1728721710364,True,False,106168.0,9.89e-06,196481990
1728721710364,True,False,190000.0,9.89e-06,196481991
1728721710364,True,False,110000.0,9.89e-06,196481992
1728721710364,True,False,190000.0,9.89e-06,196481993
1728721710364,True,False,106168.0,9.89e-06,196481994
1728721710364,True,False,190000.0,9.89e-06,196481995
1728721710364,True,False,110000.0,9.89e-06,196481996
1728721710364,True,False,190000.0,9.89e-06,196481997
1728721710364,True,False,106168.0,9.89e-06,196481998
1728721710364,True,False,190000.0,9.89e-06,196481999
1728721710364,True,False,110000.0,9.89e-06,196482000
1728721710364,True,False,190000.0,9.89e-06,196482001
1728721710364,True,False,106168.0,9.89e-06,196482002
1728721710364,True,False,190000.0,9.89e-06,196482003
1728721710364,True,False,110000.0,9.89e-06,196482004
1728721710364,True,False,190000.0,9.89e-06,196482005
1728721710364,True,False,106168.0,9.89e-06,196482006
1728721710364,True,False,190000.0,9.89e-06,196482007
1728721710364,True,False,110000.0,9.89e-06,196482008
1728721710364,True,False,190000.0,9.89e-06,196482009
1728721712552,False,True,916161.0,9.89e-06,196482010
1728721713679,False,True,2022244.0,9.89e-06,196482011
1728721713889,False,True,181012454.0,9.89e-06,196482012
1728721714079,True,False,289624699.0,9.88e-06,196482013
1728721714104,False,True,20202020.0,9.89e-06,196482014
1728721714540,True,False,20000000.0,9.88e-06,196482015
1728721714568,True,False,774481.0,9.88e-06,196482016
1728721714570,False,True,45907415.0,9.89e-06,196482017
1728721716142,False,True,895275.0,9.89e-06,196482018
1728721716637,False,True,1536905.0,9.89e-06,196482019
1728721717892,False,True,104874533.0,9.89e-06,196482020
1728721719892,False,True,104874542.0,9.89e-06,196482021
1728721719979,True,False,2920749.0,9.88e-06,196482022
1728721720891,False,True,104874542.0,9.89e-06,196482023
1728721721331,False,True,1017961.0,9.89e-06,196482024
1728721721919,True,False,519230.0,9.88e-06,196482025
1728721723561,False,True,108706079.0,9.89e-06,196482026
1728721725077,False,True,232359869.0,9.89e-06,196482027
1728721725077,False,True,70976834.0,9.89e-06,196482028
1728721725532,False,True,47694968.0,9.89e-06,196482029
1728721725854,False,True,112639029.0,9.89e-06,196482030
1728721730183,False,True,72196569.0,9.89e-06,196482031
1728721731648,True,False,486653.0,9.88e-06,196482032
1728721731936,True,False,1299541.0,9.88e-06,196482033
1728721732574,False,True,5055611.0,9.89e-06,196482034
1728721734495,True,False,11133603.0,9.88e-06,196482035
1728721735739,True,False,162694.0,9.88e-06,196482036
1728721741545,True,False,218971.0,9.88e-06,196482037
1728721746078,True,False,58242526.0,9.88e-06,196482038
1728721747357,True,False,312879.0,9.88e-06,196482039
1728721748024,True,False,21873420.0,9.88e-06,196482040
1728721748668,True,False,343217.0,9.88e-06,196482041
1728721749635,True,False,1518218.0,9.88e-06,196482042
1728721750618,True,False,138557.0,9.88e-06,196482043
1728721750674,False,True,1970972.0,9.89e-06,196482044
1728721751753,True,False,4000000.0,9.88e-06,196482045
1728721753376,True,False,10899422.0,9.88e-06,196482046
1728721754434,True,False,21607314.0,9.88e-06,196482047
1728721754652,True,False,141591957.0,9.88e-06,196482048
1728721755914,True,False,1283427.0,9.88e-06,196482049
1728721758329,True,False,8412735.0,9.88e-06,196482050
1728721761768,True,False,293907.0,9.88e-06,196482051
1728721763643,True,False,90000000.0,9.88e-06,196482052
1728721764034,True,False,3262040.0,9.88e-06,196482053
1728721764237,True,False,13186044.0,9.88e-06,196482054
1728721765971,True,False,3567409.0,9.88e-06,196482055
1728721769882,True,False,14903702.0,9.88e-06,196482056
1728721769882,True,False,42028555.0,9.88e-06,196482057
1728721772939,True,False,13245096.0,9.88e-06,196482058
1728721773341,True,False,6410379.0,9.88e-06,196482059
1728721775818,True,False,2312722.0,9.88e-06,196482060
1728721775864,True,False,750000.0,9.88e-06,196482061
1728721777245,True,False,1113360.0,9.88e-06,196482062
1728721777787,False,True,4145601.0,9.89e-06,196482063
1728721777885,True,False,9961196.0,9.88e-06,196482064
1728721782136,False,True,10233093.0,9.89e-06,196482065
1728721787794,True,False,510000.0,9.88e-06,196482066
1728721790752,False,True,218531.0,9.89e-06,196482067
1728721795939,True,False,792388.0,9.88e-06,196482068
1728721797926,True,False,4981655.0,9.88e-06,196482069
1728721799052,True,False,6316886.0,9.88e-06,196482070
1728721800260,True,False,71921143.0,9.88e-06,196482071
1728721801582,False,True,10111223.0,9.89e-06,196482072
1728721801707,False,True,9272671.0,9.89e-06,196482073
1728721802624,False,True,7337664.0,9.89e-06,196482074
1728721804790,False,True,707785.0,9.89e-06,196482075
1728721807716,True,False,706209.0,9.88e-06,196482076
1728721807870,True,False,10180463.0,9.88e-06,196482077
1728721807870,True,False,6000139.0,9.88e-06,196482078
1728721807870,True,False,160260167.0,9.88e-06,196482079
1728721807870,True,False,50607287.0,9.88e-06,196482080
1728721807870,True,False,613543241.0,9.88e-06,196482081
1728721807870,True,False,29023285.0,9.88e-06,196482082
1728721807870,True,False,71407719.0,9.88e-06,196482083
1728721807870,True,False,68757676.0,9.88e-06,196482084
1728721807871,True,False,19618634.0,9.88e-06,196482085
1728721807871,True,False,30843197.0,9.88e-06,196482086
1728721807871,True,False,49538169.0,9.88e-06,196482087
1728721807871,True,False,536446737.0,9.88e-06,196482088
1728721807871,True,False,17255995.0,9.88e-06,196482089
1728721807871,True,False,122000.0,9.88e-06,196482090
1728721807871,True,False,125974.0,9.88e-06,196482091
1728721807871,True,False,215775.0,9.88e-06,196482092
1728721807871,True,False,167625.0,9.88e-06,196482093
1728721807871,True,False,164211.0,9.88e-06,196482094
1728721807871,True,False,1380202.0,9.88e-06,196482095
1728721807871,True,False,167625.0,9.88e-06,196482096
1728721807871,True,False,6007055.0,9.88e-06,196482097
1728721807871,True,False,5597707.0,9.88e-06,196482098
1728721807871,True,False,104004160.0,9.88e-06,196482099
1728721807871,True,False,20000000.0,9.88e-06,196482100
1728721807871,True,False,80000000.0,9.88e-06,196482101
1728721807871,True,False,40000000.0,9.88e-06,196482102
1728721807871,True,False,678964930.0,9.88e-06,196482103
1728721807871,True,False,14755000.0,9.88e-06,196482104
1728721807871,True,False,13981000.0,9.88e-06,196482105
1728721807871,True,False,14644000.0,9.88e-06,196482106
1728721807871,True,False,5364000.0,9.88e-06,196482107
1728721807871,True,False,20973000.0,9.88e-06,196482108
1728721807871,True,False,110000.0,9.88e-06,196482109
1728721807871,True,False,54562441.0,9.88e-06,196482110
1728721807871,True,False,20496066.0,9.88e-06,196482111
1728721807871,True,False,151821.0,9.88e-06,196482112
1728721807871,True,False,20000000.0,9.88e-06,196482113
1728721807871,True,False,40000000.0,9.88e-06,196482114
1728721807871,True,False,448776.0,9.88e-06,196482115
1728721807871,True,False,102475479.0,9.88e-06,196482116
1728721807871,True,False,1524390.0,9.88e-06,196482117
1728721807871,True,False,15496000.0,9.88e-06,196482118
1728721807871,True,False,5707000.0,9.88e-06,196482119
1728721807871,True,False,15460000.0,9.88e-06,196482120
1728721807871,True,False,99434809.0,9.88e-06,196482121
1728721807871,True,False,2175737.0,9.88e-06,196482122
1728721807871,True,False,5702002.0,9.88e-06,196482123
1728721807871,True,False,4301578.0,9.88e-06,196482124
1728721807871,True,False,50313891.0,9.88e-06,196482125
1728721807871,True,False,106281.0,9.88e-06,196482126
1728721807871,True,False,190000.0,9.88e-06,196482127
1728721807871,True,False,110000.0,9.88e-06,196482128
1728721807871,True,False,106281.0,9.88e-06,196482129
1728721807871,True,False,106281.0,9.88e-06,196482130
1728721807871,True,False,110000.0,9.88e-06,196482131
1728721807871,True,False,110000.0,9.88e-06,196482132
1728721807871,True,False,106281.0,9.88e-06,196482133
1728721807871,True,False,190000.0,9.88e-06,196482134
1728721807871,True,False,110000.0,9.88e-06,196482135
1728721807871,True,False,106281.0,9.88e-06,196482136
1728721807871,True,False,106281.0,9.88e-06,196482137
1728721807871,True,False,110000.0,9.88e-06,196482138
1728721807871,True,False,110000.0,9.88e-06,196482139
1728721807871,True,False,106281.0,9.88e-06,196482140
1728721807871,True,False,190000.0,9.88e-06,196482141
1728721807871,True,False,110000.0,9.88e-06,196482142
1728721807871,True,False,106281.0,9.88e-06,196482143
1728721807871,True,False,106281.0,9.88e-06,196482144
1728721807871,True,False,110000.0,9.88e-06,196482145
1728721807871,True,False,110000.0,9.88e-06,196482146
1728721807871,True,False,106281.0,9.88e-06,196482147
1728721807871,True,False,190000.0,9.88e-06,196482148
1728721807871,True,False,110000.0,9.88e-06,196482149
1728721807871,True,False,106281.0,9.88e-06,196482150
1728721807871,True,False,106281.0,9.88e-06,196482151
1728721807871,True,False,110000.0,9.88e-06,196482152
1728721807871,True,False,110000.0,9.88e-06,196482153
1728721807871,True,False,106281.0,9.88e-06,196482154
1728721807871,True,False,190000.0,9.88e-06,196482155
1728721807871,True,False,110000.0,9.88e-06,196482156
1728721807871,True,False,106281.0,9.88e-06,196482157
1728721807871,True,False,106281.0,9.88e-06,196482158
1728721807871,True,False,110000.0,9.88e-06,196482159
1728721807871,True,False,110000.0,9.88e-06,196482160
1728721807871,True,False,106281.0,9.88e-06,196482161
1728721807871,True,False,190000.0,9.88e-06,196482162
1728721807871,True,False,110000.0,9.88e-06,196482163
1728721807871,True,False,106281.0,9.88e-06,196482164
1728721807871,True,False,106281.0,9.88e-06,196482165
1728721807871,True,False,110000.0,9.88e-06,196482166
1728721807871,True,False,110000.0,9.88e-06,196482167
1728721807871,True,False,106281.0,9.88e-06,196482168
1728721807871,True,False,190000.0,9.88e-06,196482169
1728721807871,True,False,110000.0,9.88e-06,196482170
1728721807871,True,False,106281.0,9.88e-06,196482171
1728721807871,True,False,106281.0,9.88e-06,196482172
1728721807871,True,False,110000.0,9.88e-06,196482173
1728721807871,True,False,110000.0,9.88e-06,196482174
1728721807871,True,False,106281.0,9.88e-06,196482175
1728721807871,True,False,190000.0,9.88e-06,196482176
1728721807871,True,False,110000.0,9.88e-06,196482177
1728721807871,True,False,106281.0,9.88e-06,196482178
1728721807871,True,False,106281.0,9.88e-06,196482179
1728721807871,True,False,110000.0,9.88e-06,196482180
1728721807871,True,False,110000.0,9.88e-06,196482181
1728721807871,True,False,106281.0,9.88e-06,196482182
1728721807871,True,False,190000.0,9.88e-06,196482183
1728721807871,True,False,110000.0,9.88e-06,196482184
1728721807871,True,False,106281.0,9.88e-06,196482185
1728721807871,True,False,106281.0,9.88e-06,196482186
1728721807871,True,False,110000.0,9.88e-06,196482187
1728721807871,True,False,110000.0,9.88e-06,196482188
1728721807871,True,False,106281.0,9.88e-06,196482189
1728721807871,True,False,190000.0,9.88e-06,196482190
1728721807871,True,False,110000.0,9.88e-06,196482191
1728721807871,True,False,106281.0,9.88e-06,196482192
1728721807871,True,False,106281.0,9.88e-06,196482193
1728721807871,True,False,110000.0,9.88e-06,196482194
1728721808977,False,True,339313.0,9.88e-06,196482195
1728721809966,True,False,104004160.0,9.87e-06,196482196
1728721809966,True,False,122000.0,9.87e-06,196482197
1728721809966,True,False,4020788.0,9.87e-06,196482198
1728721809966,True,False,564590197.0,9.87e-06,196482199
1728721809966,True,False,218698.0,9.87e-06,196482200
1728721809966,True,False,202657.0,9.87e-06,196482201
1728721809966,True,False,549794.0,9.87e-06,196482202
1728721809966,True,False,130781.0,9.87e-06,196482203
1728721809966,True,False,16731409.0,9.87e-06,196482204
1728721809966,True,False,123682.0,9.87e-06,196482205
1728721809966,True,False,327257.0,9.87e-06,196482206
1728721809966,True,False,149039.0,9.87e-06,196482207
1728721809966,True,False,1665146.0,9.87e-06,196482208
1728721809966,True,False,118711.0,9.87e-06,196482209
1728721809966,True,False,430165.0,9.87e-06,196482210
1728721809966,True,False,112107.0,9.87e-06,196482211
1728721809966,True,False,185681.0,9.87e-06,196482212
1728721809966,True,False,210291.0,9.87e-06,196482213
1728721809966,True,False,191044.0,9.87e-06,196482214
1728721809966,True,False,240166.0,9.87e-06,196482215
1728721809966,True,False,105431.0,9.87e-06,196482216
1728721809966,True,False,3989689.0,9.87e-06,196482217
1728721809966,True,False,108019.0,9.87e-06,196482218
1728721809966,True,False,3125285.0,9.87e-06,196482219
1728721809966,True,False,3556231.0,9.87e-06,196482220
1728721809966,True,False,2443715.0,9.87e-06,196482221
1728721809966,True,False,183517.0,9.87e-06,196482222
1728721809966,True,False,190000.0,9.87e-06,196482223
1728721809966,True,False,225066625.0,9.87e-06,196482224
1728721809966,True,False,116126428.0,9.87e-06,196482225
1728721810635,False,True,3137651.0,9.88e-06,196482226
1728721812671,False,True,385433.0,9.88e-06,196482227
1728721813454,False,True,932065.0,9.88e-06,196482228
1728721814770,False,True,2289090.0,9.88e-06,196482229
1728721816406,False,True,5060728.0,9.88e-06,196482230
1728721817718,True,False,835182.0,9.87e-06,196482231
1728721819031,False,True,1007049.0,9.88e-06,196482232
1728721820186,True,False,15958466.0,9.87e-06,196482233
1728721820539,True,False,379492.0,9.87e-06,196482234
1728721820539,False,True,1036588.0,9.88e-06,196482235
1728721825379,False,True,1433397.0,9.88e-06,196482236
1728721827564,True,False,6080120.0,9.87e-06,196482237
1728721834611,True,False,607902.0,9.87e-06,196482238
1728721838272,False,True,1447387.0,9.88e-06,196482239
1728721839997,True,False,20263424.0,9.87e-06,196482240
1728721841048,False,True,1012145.0,9.88e-06,196482241
1728721841445,False,True,32136000.0,9.88e-06,196482242
1728721841445,False,True,30278000.0,9.88e-06,196482243
1728721841445,False,True,33245000.0,9.88e-06,196482244
1728721841445,False,True,32320000.0,9.88e-06,196482245
1728721841445,False,True,30375000.0,9.88e-06,196482246
1728721841445,False,True,32172000.0,9.88e-06,196482247
1728721841445,False,True,32172000.0,9.88e-06,196482248
1728721841445,False,True,5707000.0,9.88e-06,196482249
1728721841445,False,True,16731409.0,9.88e-06,196482250
1728721841445,False,True,115591526.0,9.88e-06,196482251
1728721841445,False,True,15460000.0,9.88e-06,196482252
1728721841445,False,True,15496000.0,9.88e-06,196482253
1728721841445,False,True,13124000.0,9.88e-06,196482254
1728721841445,False,True,1110290.0,9.88e-06,196482255
1728721841445,False,True,99376523.0,9.88e-06,196482256
1728721841445,False,True,218313.0,9.88e-06,196482257
1728721841445,False,True,471055.0,9.88e-06,196482258
1728721841445,False,True,15103868.0,9.88e-06,196482259
1728721841445,False,True,1449913.0,9.88e-06,196482260
1728721841445,False,True,7521808.0,9.88e-06,196482261
1728721841445,False,True,456114.0,9.88e-06,196482262
1728721841445,False,True,190000.0,9.88e-06,196482263
1728721841445,False,True,190000.0,9.88e-06,196482264
1728721841445,False,True,110000.0,9.88e-06,196482265
1728721841445,False,True,106394.0,9.88e-06,196482266
1728721841445,False,True,110000.0,9.88e-06,196482267
1728721841445,False,True,106394.0,9.88e-06,196482268
1728721841445,False,True,106394.0,9.88e-06,196482269
1728721841445,False,True,106394.0,9.88e-06,196482270
1728721841445,False,True,106394.0,9.88e-06,196482271
1728721841445,False,True,110000.0,9.88e-06,196482272
1728721841445,False,True,190000.0,9.88e-06,196482273
1728721841445,False,True,190000.0,9.88e-06,196482274
1728721841445,False,True,110000.0,9.88e-06,196482275
1728721841445,False,True,106394.0,9.88e-06,196482276
1728721841445,False,True,110000.0,9.88e-06,196482277
1728721841445,False,True,106394.0,9.88e-06,196482278
1728721841445,False,True,106394.0,9.88e-06,196482279
1728721841445,False,True,106394.0,9.88e-06,196482280
1728721841445,False,True,106394.0,9.88e-06,196482281
1728721841445,False,True,110000.0,9.88e-06,196482282
1728721841445,False,True,190000.0,9.88e-06,196482283
1728721841445,False,True,190000.0,9.88e-06,196482284
1728721841445,False,True,110000.0,9.88e-06,196482285
1728721841445,False,True,106394.0,9.88e-06,196482286
1728721841445,False,True,110000.0,9.88e-06,196482287
1728721841445,False,True,106394.0,9.88e-06,196482288
1728721841445,False,True,106394.0,9.88e-06,196482289
1728721841445,False,True,106394.0,9.88e-06,196482290
1728721841445,False,True,106394.0,9.88e-06,196482291
1728721841445,False,True,110000.0,9.88e-06,196482292
1728721841445,False,True,190000.0,9.88e-06,196482293
1728721841445,False,True,190000.0,9.88e-06,196482294
1728721841445,False,True,110000.0,9.88e-06,196482295
1728721841445,False,True,106394.0,9.88e-06,196482296
1728721841445,False,True,110000.0,9.88e-06,196482297
1728721841445,False,True,106394.0,9.88e-06,196482298
1728721841445,False,True,106394.0,9.88e-06,196482299
1728721841445,False,True,106394.0,9.88e-06,196482300
1728721841445,False,True,106394.0,9.88e-06,196482301
1728721841445,False,True,110000.0,9.88e-06,196482302
1728721841445,False,True,190000.0,9.88e-06,196482303
1728721841445,False,True,190000.0,9.88e-06,196482304
1728721841445,False,True,110000.0,9.88e-06,196482305
1728721841445,False,True,106394.0,9.88e-06,196482306
1728721841445,False,True,110000.0,9.88e-06,196482307
1728721841445,False,True,106394.0,9.88e-06,196482308
1728721841445,False,True,106394.0,9.88e-06,196482309
1728721841445,False,True,106394.0,9.88e-06,196482310
1728721841445,False,True,106394.0,9.88e-06,196482311
1728721841445,False,True,110000.0,9.88e-06,196482312
1728721841445,False,True,190000.0,9.88e-06,196482313
1728721841445,False,True,190000.0,9.88e-06,196482314
1728721841445,False,True,110000.0,9.88e-06,196482315
1728721841445,False,True,106394.0,9.88e-06,196482316
1728721841445,False,True,110000.0,9.88e-06,196482317
1728721841445,False,True,106394.0,9.88e-06,196482318
1728721841445,False,True,106394.0,9.88e-06,196482319
1728721841445,False,True,106394.0,9.88e-06,196482320
1728721841445,False,True,106394.0,9.88e-06,196482321
1728721841445,False,True,110000.0,9.88e-06,196482322
1728721841445,False,True,190000.0,9.88e-06,196482323
1728721841445,False,True,190000.0,9.88e-06,196482324
1728721841445,False,True,110000.0,9.88e-06,196482325
1728721841445,False,True,106394.0,9.88e-06,196482326
1728721841445,False,True,110000.0,9.88e-06,196482327
1728721841445,False,True,106394.0,9.88e-06,196482328
1728721841445,False,True,106394.0,9.88e-06,196482329
1728721841445,False,True,106394.0,9.88e-06,196482330
1728721841445,False,True,106394.0,9.88e-06,196482331
1728721841445,False,True,110000.0,9.88e-06,196482332
1728721841445,False,True,190000.0,9.88e-06,196482333
1728721841445,False,True,190000.0,9.88e-06,196482334
1728721841445,False,True,110000.0,9.88e-06,196482335
1728721841445,False,True,106394.0,9.88e-06,196482336
1728721841445,False,True,110000.0,9.88e-06,196482337
1728721841445,False,True,106394.0,9.88e-06,196482338
1728721841445,False,True,106394.0,9.88e-06,196482339
1728721841445,False,True,106394.0,9.88e-06,196482340
1728721841445,False,True,106394.0,9.88e-06,196482341
1728721841445,False,True,110000.0,9.88e-06,196482342
1728721841445,False,True,190000.0,9.88e-06,196482343
1728721841445,False,True,190000.0,9.88e-06,196482344
1728721841445,False,True,110000.0,9.88e-06,196482345
1728721841445,False,True,106394.0,9.88e-06,196482346
1728721841445,False,True,110000.0,9.88e-06,196482347
1728721841445,False,True,106394.0,9.88e-06,196482348
1728721841445,False,True,106394.0,9.88e-06,196482349
1728721841445,False,True,106394.0,9.88e-06,196482350
1728721841445,False,True,106394.0,9.88e-06,196482351
1728721841445,False,True,110000.0,9.88e-06,196482352
1728721841445,False,True,190000.0,9.88e-06,196482353
1728721841445,False,True,190000.0,9.88e-06,196482354
1728721841445,False,True,110000.0,9.88e-06,196482355
1728721841445,False,True,106394.0,9.88e-06,196482356
1728721841445,False,True,110000.0,9.88e-06,196482357
1728721841445,False,True,106394.0,9.88e-06,196482358
1728721841445,False,True,106394.0,9.88e-06,196482359
1728721841445,False,True,106394.0,9.88e-06,196482360
1728721841445,False,True,106394.0,9.88e-06,196482361
1728721841445,False,True,110000.0,9.88e-06,196482362
1728721845906,False,True,600878148.0,9.89e-06,196482363
1728721845906,False,True,129798054.0,9.89e-06,196482364
1728721846247,True,False,10101111.0,9.88e-06,196482365
1728721848423,False,True,34378159.0,9.89e-06,196482366
1728721848883,False,True,101112234.0,9.89e-06,196482367
1728721850573,False,True,670613.0,9.89e-06,196482368
1728721851155,False,True,2814986.0,9.89e-06,196482369
1728721853642,True,False,21375096.0,9.88e-06,196482370
1728721854210,False,True,11443949.0,9.89e-06,196482371
1728721856351,True,False,126329671.0,9.88e-06,196482372
1728721858233,False,True,1139723.0,9.89e-06,196482373
1728721859333,True,False,5000000.0,9.88e-06,196482374
1728721859512,False,True,30333670.0,9.89e-06,196482375
1728721861614,False,True,15208241.0,9.89e-06,196482376
1728721864913,False,True,15571284.0,9.89e-06,196482377
1728721867241,True,False,333196.0,9.88e-06,196482378
1728721873197,True,False,1194804.0,9.88e-06,196482379
1728721876239,False,True,607854.0,9.89e-06,196482380
1728721877484,False,True,5024661.0,9.89e-06,196482381
1728721880319,True,False,346550000.0,9.88e-06,196482382
1728721880319,True,False,629053924.0,9.88e-06,196482383
1728721880319,True,False,526457440.0,9.88e-06,196482384
1728721880319,True,False,909200000.0,9.88e-06,196482385
1728721880319,True,False,106281.0,9.88e-06,196482386
1728721880319,True,False,42682917.0,9.88e-06,196482387
1728721880319,True,False,21324495.0,9.88e-06,196482388
1728721880319,True,False,32320000.0,9.88e-06,196482389
1728721880319,True,False,2000000.0,9.88e-06,196482390
1728721880319,True,False,1171302986.0,9.88e-06,196482391
1728721880322,True,False,346915637.0,9.88e-06,196482392
1728721880322,True,False,30364372.0,9.88e-06,196482393
1728721880322,True,False,1198401.0,9.88e-06,196482394
1728721880322,True,False,104004160.0,9.88e-06,196482395
1728721880322,True,False,4048582.0,9.88e-06,196482396
1728721880322,True,False,9094732.0,9.88e-06,196482397
1728721880322,True,False,190000.0,9.88e-06,196482398
1728721880322,True,False,106281.0,9.88e-06,196482399
1728721880322,True,False,110000.0,9.88e-06,196482400
1728721880322,True,False,190000.0,9.88e-06,196482401
1728721880322,True,False,110000.0,9.88e-06,196482402
1728721880322,True,False,106281.0,9.88e-06,196482403
1728721880322,True,False,110000.0,9.88e-06,196482404
1728721880322,True,False,190000.0,9.88e-06,196482405
1728721880322,True,False,106281.0,9.88e-06,196482406
1728721880322,True,False,110000.0,9.88e-06,196482407
1728721880322,True,False,190000.0,9.88e-06,196482408
1728721880322,True,False,110000.0,9.88e-06,196482409
1728721880322,True,False,106281.0,9.88e-06,196482410
1728721880322,True,False,110000.0,9.88e-06,196482411
1728721880322,True,False,190000.0,9.88e-06,196482412
1728721880322,True,False,106281.0,9.88e-06,196482413
1728721880322,True,False,110000.0,9.88e-06,196482414
1728721880322,True,False,190000.0,9.88e-06,196482415
1728721880322,True,False,110000.0,9.88e-06,196482416
1728721880322,True,False,106281.0,9.88e-06,196482417
1728721880322,True,False,110000.0,9.88e-06,196482418
1728721880322,True,False,190000.0,9.88e-06,196482419
1728721880322,True,False,106281.0,9.88e-06,196482420
1728721880322,True,False,110000.0,9.88e-06,196482421
1728721880322,True,False,190000.0,9.88e-06,196482422
1728721880322,True,False,110000.0,9.88e-06,196482423
1728721880322,True,False,106281.0,9.88e-06,196482424
1728721880322,True,False,110000.0,9.88e-06,196482425
1728721880322,True,False,190000.0,9.88e-06,196482426
1728721880322,True,False,106281.0,9.88e-06,196482427
1728721880322,True,False,110000.0,9.88e-06,196482428
1728721880322,True,False,190000.0,9.88e-06,196482429
1728721880322,True,False,110000.0,9.88e-06,196482430
1728721880322,True,False,106281.0,9.88e-06,196482431
1728721880322,True,False,110000.0,9.88e-06,196482432
1728721880322,True,False,190000.0,9.88e-06,196482433
1728721880322,True,False,106281.0,9.88e-06,196482434
1728721880322,True,False,110000.0,9.88e-06,196482435
1728721880322,True,False,190000.0,9.88e-06,196482436
1728721880322,True,False,110000.0,9.88e-06,196482437
1728721880322,True,False,106281.0,9.88e-06,196482438
1728721880322,True,False,110000.0,9.88e-06,196482439
1728721880322,True,False,190000.0,9.88e-06,196482440
1728721880322,True,False,106281.0,9.88e-06,196482441
1728721880322,True,False,110000.0,9.88e-06,196482442
1728721880322,True,False,190000.0,9.88e-06,196482443
1728721880322,True,False,110000.0,9.88e-06,196482444
1728721880322,True,False,106281.0,9.88e-06,196482445
1728721880322,True,False,110000.0,9.88e-06,196482446
1728721880322,True,False,190000.0,9.88e-06,196482447
1728721880322,True,False,106281.0,9.88e-06,196482448
1728721880322,True,False,110000.0,9.88e-06,196482449
1728721880322,True,False,190000.0,9.88e-06,196482450
1728721880322,True,False,110000.0,9.88e-06,196482451
1728721880322,True,False,106281.0,9.88e-06,196482452
1728721880322,True,False,110000.0,9.88e-06,196482453
1728721880322,True,False,190000.0,9.88e-06,196482454
1728721880322,True,False,106281.0,9.88e-06,196482455
1728721880322,True,False,110000.0,9.88e-06,196482456
1728721880322,True,False,190000.0,9.88e-06,196482457
1728721880322,True,False,110000.0,9.88e-06,196482458
1728721880322,True,False,106281.0,9.88e-06,196482459
1728721880322,True,False,110000.0,9.88e-06,196482460
1728721880322,True,False,190000.0,9.88e-06,196482461
1728721880322,True,False,110000.0,9.88e-06,196482462
1728721880322,True,False,190000.0,9.88e-06,196482463
1728721880322,True,False,110000.0,9.88e-06,196482464
1728721880322,True,False,106281.0,9.88e-06,196482465
1728721880322,True,False,110000.0,9.88e-06,196482466
1728721881477,False,True,14644000.0,9.88e-06,196482467
1728721881477,False,True,18787000.0,9.88e-06,196482468
1728721881477,False,True,14755000.0,9.88e-06,196482469
1728721881477,False,True,15460000.0,9.88e-06,196482470
1728721881477,False,True,30245000.0,9.88e-06,196482471
1728721881477,False,True,14612000.0,9.88e-06,196482472
1728721881477,False,True,15016000.0,9.88e-06,196482473
1728721881477,False,True,20973000.0,9.88e-06,196482474
1728721881477,False,True,30375000.0,9.88e-06,196482475
1728721881477,False,True,5364000.0,9.88e-06,196482476
1728721881477,False,True,14723000.0,9.88e-06,196482477
1728721881477,False,True,15496000.0,9.88e-06,196482478
1728721881477,False,True,5707000.0,9.88e-06,196482479
1728721881477,False,True,30672000.0,9.88e-06,196482480
1728721881477,False,True,30343000.0,9.88e-06,196482481
1728721881477,False,True,3449506.0,9.88e-06,196482482
1728721881477,False,True,190000.0,9.88e-06,196482483
1728721881477,False,True,190000.0,9.88e-06,196482484
1728721881477,False,True,106394.0,9.88e-06,196482485
1728721881477,False,True,106394.0,9.88e-06,196482486
1728721881477,False,True,106394.0,9.88e-06,196482487
1728721881477,False,True,106394.0,9.88e-06,196482488
1728721881477,False,True,106394.0,9.88e-06,196482489
1728721881477,False,True,190000.0,9.88e-06,196482490
1728721881477,False,True,190000.0,9.88e-06,196482491
1728721881477,False,True,106394.0,9.88e-06,196482492
1728721881477,False,True,106394.0,9.88e-06,196482493
1728721881477,False,True,106394.0,9.88e-06,196482494
1728721881477,False,True,106394.0,9.88e-06,196482495
1728721881477,False,True,106394.0,9.88e-06,196482496
1728721881477,False,True,190000.0,9.88e-06,196482497
1728721881477,False,True,190000.0,9.88e-06,196482498
1728721881477,False,True,106394.0,9.88e-06,196482499
1728721881477,False,True,106394.0,9.88e-06,196482500
1728721881477,False,True,106394.0,9.88e-06,196482501
1728721881477,False,True,106394.0,9.88e-06,196482502
1728721881477,False,True,106394.0,9.88e-06,196482503
1728721881477,False,True,190000.0,9.88e-06,196482504
1728721881477,False,True,190000.0,9.88e-06,196482505
1728721881477,False,True,106394.0,9.88e-06,196482506
1728721881477,False,True,106394.0,9.88e-06,196482507
1728721881477,False,True,106394.0,9.88e-06,196482508
1728721881477,False,True,106394.0,9.88e-06,196482509
1728721881477,False,True,106394.0,9.88e-06,196482510
1728721881477,False,True,190000.0,9.88e-06,196482511
1728721881477,False,True,190000.0,9.88e-06,196482512
1728721881477,False,True,106394.0,9.88e-06,196482513
1728721881477,False,True,106394.0,9.88e-06,196482514
1728721881477,False,True,106394.0,9.88e-06,196482515
1728721881477,False,True,106394.0,9.88e-06,196482516
1728721881477,False,True,106394.0,9.88e-06,196482517
1728721881477,False,True,190000.0,9.88e-06,196482518
1728721881477,False,True,190000.0,9.88e-06,196482519
1728721881477,False,True,106394.0,9.88e-06,196482520
1728721881477,False,True,106394.0,9.88e-06,196482521
1728721881477,False,True,106394.0,9.88e-06,196482522
1728721881477,False,True,106394.0,9.88e-06,196482523
1728721881477,False,True,106394.0,9.88e-06,196482524
1728721881477,False,True,190000.0,9.88e-06,196482525
1728721881477,False,True,190000.0,9.88e-06,196482526
1728721881477,False,True,106394.0,9.88e-06,196482527
1728721881477,False,True,106394.0,9.88e-06,196482528
1728721881477,False,True,106394.0,9.88e-06,196482529
1728721881477,False,True,106394.0,9.88e-06,196482530
1728721881477,False,True,106394.0,9.88e-06,196482531
1728721881477,False,True,190000.0,9.88e-06,196482532
1728721881477,False,True,190000.0,9.88e-06,196482533
1728721881477,False,True,106394.0,9.88e-06,196482534
1728721881477,False,True,106394.0,9.88e-06,196482535
1728721881477,False,True,106394.0,9.88e-06,196482536
1728721881477,False,True,106394.0,9.88e-06,196482537
1728721881477,False,True,106394.0,9.88e-06,196482538
1728721881477,False,True,190000.0,9.88e-06,196482539
1728721881477,False,True,190000.0,9.88e-06,196482540
1728721881477,False,True,106394.0,9.88e-06,196482541
1728721881477,False,True,106394.0,9.88e-06,196482542
1728721881477,False,True,106394.0,9.88e-06,196482543
1728721881477,False,True,106394.0,9.88e-06,196482544
1728721881477,False,True,106394.0,9.88e-06,196482545
1728721881477,False,True,190000.0,9.88e-06,196482546
1728721881477,False,True,190000.0,9.88e-06,196482547
1728721881477,False,True,106394.0,9.88e-06,196482548
1728721881477,False,True,106394.0,9.88e-06,196482549
1728721881477,False,True,106394.0,9.88e-06,196482550
1728721881477,False,True,106394.0,9.88e-06,196482551
1728721881477,False,True,106394.0,9.88e-06,196482552
1728721881982,True,False,1299485.0,9.88e-06,196482553
1728721883490,True,False,455465587.0,9.88e-06,196482554
1728721884645,True,False,2530364.0,9.88e-06,196482555
1728721884645,True,False,190000.0,9.88e-06,196482556
1728721884645,True,False,190000.0,9.88e-06,196482557
1728721884645,True,False,116121.0,9.88e-06,196482558
1728721884645,True,False,110000.0,9.88e-06,196482559
1728721884645,True,False,190000.0,9.88e-06,196482560
1728721884645,True,False,106281.0,9.88e-06,196482561
1728721884645,True,False,106281.0,9.88e-06,196482562
1728721884645,True,False,110000.0,9.88e-06,196482563
1728721884645,True,False,110000.0,9.88e-06,196482564
1728721884645,True,False,106281.0,9.88e-06,196482565
1728721884645,True,False,190000.0,9.88e-06,196482566
1728721884645,True,False,190000.0,9.88e-06,196482567
1728721884645,True,False,110000.0,9.88e-06,196482568
1728721884645,True,False,190000.0,9.88e-06,196482569
1728721884645,True,False,106281.0,9.88e-06,196482570
1728721884645,True,False,106281.0,9.88e-06,196482571
1728721884645,True,False,110000.0,9.88e-06,196482572
1728721884645,True,False,110000.0,9.88e-06,196482573
1728721884645,True,False,106281.0,9.88e-06,196482574
1728721884645,True,False,190000.0,9.88e-06,196482575
1728721884645,True,False,190000.0,9.88e-06,196482576
1728721884645,True,False,110000.0,9.88e-06,196482577
1728721884645,True,False,190000.0,9.88e-06,196482578
1728721884645,True,False,106281.0,9.88e-06,196482579
1728721884645,True,False,106281.0,9.88e-06,196482580
1728721884645,True,False,110000.0,9.88e-06,196482581
1728721884645,True,False,110000.0,9.88e-06,196482582
1728721884645,True,False,106281.0,9.88e-06,196482583
1728721884645,True,False,190000.0,9.88e-06,196482584
1728721884645,True,False,190000.0,9.88e-06,196482585
1728721884645,True,False,110000.0,9.88e-06,196482586
1728721884645,True,False,190000.0,9.88e-06,196482587
1728721884645,True,False,106281.0,9.88e-06,196482588
1728721884645,True,False,106281.0,9.88e-06,196482589
1728721884645,True,False,110000.0,9.88e-06,196482590
1728721884645,True,False,110000.0,9.88e-06,196482591
1728721884645,True,False,106281.0,9.88e-06,196482592
1728721884645,True,False,190000.0,9.88e-06,196482593
1728721884645,True,False,190000.0,9.88e-06,196482594
1728721884645,True,False,110000.0,9.88e-06,196482595
1728721884645,True,False,190000.0,9.88e-06,196482596
1728721884645,True,False,106281.0,9.88e-06,196482597
1728721884645,True,False,106281.0,9.88e-06,196482598
1728721884645,True,False,110000.0,9.88e-06,196482599
1728721884645,True,False,110000.0,9.88e-06,196482600
1728721884645,True,False,106281.0,9.88e-06,196482601
1728721884645,True,False,190000.0,9.88e-06,196482602
1728721884645,True,False,190000.0,9.88e-06,196482603
1728721884645,True,False,110000.0,9.88e-06,196482604
1728721884645,True,False,190000.0,9.88e-06,196482605
1728721884645,True,False,106281.0,9.88e-06,196482606
1728721884645,True,False,106281.0,9.88e-06,196482607
1728721884645,True,False,110000.0,9.88e-06,196482608
1728721884645,True,False,110000.0,9.88e-06,196482609
1728721884645,True,False,106281.0,9.88e-06,196482610
1728721884645,True,False,190000.0,9.88e-06,196482611
1728721884645,True,False,190000.0,9.88e-06,196482612
1728721884645,True,False,110000.0,9.88e-06,196482613
1728721884645,True,False,190000.0,9.88e-06,196482614
1728721884645,True,False,106281.0,9.88e-06,196482615
1728721884645,True,False,106281.0,9.88e-06,196482616
1728721884645,True,False,110000.0,9.88e-06,196482617
1728721884645,True,False,110000.0,9.88e-06,196482618
1728721884645,True,False,106281.0,9.88e-06,196482619
1728721884645,True,False,190000.0,9.88e-06,196482620
1728721884645,True,False,190000.0,9.88e-06,196482621
1728721884645,True,False,110000.0,9.88e-06,196482622
1728721884645,True,False,190000.0,9.88e-06,196482623
1728721884645,True,False,106281.0,9.88e-06,196482624
1728721884645,True,False,106281.0,9.88e-06,196482625
1728721884645,True,False,110000.0,9.88e-06,196482626
1728721884645,True,False,110000.0,9.88e-06,196482627
1728721884645,True,False,106281.0,9.88e-06,196482628
1728721884645,True,False,190000.0,9.88e-06,196482629
1728721884645,True,False,190000.0,9.88e-06,196482630
1728721884645,True,False,110000.0,9.88e-06,196482631
1728721884645,True,False,190000.0,9.88e-06,196482632
1728721884645,True,False,106281.0,9.88e-06,196482633
1728721884645,True,False,106281.0,9.88e-06,196482634
1728721884645,True,False,110000.0,9.88e-06,196482635
1728721884645,True,False,110000.0,9.88e-06,196482636
1728721884645,True,False,106281.0,9.88e-06,196482637
1728721884645,True,False,190000.0,9.88e-06,196482638
1728721884645,True,False,190000.0,9.88e-06,196482639
1728721884645,True,False,110000.0,9.88e-06,196482640
1728721884645,True,False,190000.0,9.88e-06,196482641
1728721884645,True,False,106281.0,9.88e-06,196482642
1728721884645,True,False,106281.0,9.88e-06,196482643
1728721884645,True,False,110000.0,9.88e-06,196482644
1728721884645,True,False,110000.0,9.88e-06,196482645
1728721884645,True,False,106281.0,9.88e-06,196482646
1728721885655,False,True,339976283.0,9.88e-06,196482647
1728721887455,True,False,19358889.0,9.87e-06,196482648
1728721890543,False,True,5364000.0,9.88e-06,196482649
1728721890543,False,True,6202804.0,9.88e-06,196482650
1728721890543,False,True,11566804.0,9.88e-06,196482651
1728721890543,False,True,3203392.0,9.88e-06,196482652
1728721890543,False,True,8363412.0,9.88e-06,196482653
1728721890543,False,True,6391588.0,9.88e-06,196482654
1728721890543,False,True,4419640.0,9.88e-06,196482655
1728721890543,False,True,190000.0,9.88e-06,196482656
1728721890543,False,True,190000.0,9.88e-06,196482657
1728721890543,False,True,190000.0,9.88e-06,196482658
1728721890543,False,True,185576.0,9.88e-06,196482659
1728721890543,False,True,4424.0,9.88e-06,196482660
1728721890543,False,True,190000.0,9.88e-06,196482661
1728721890543,False,True,190000.0,9.88e-06,196482662
1728721890543,False,True,190000.0,9.88e-06,196482663
1728721890543,False,True,190000.0,9.88e-06,196482664
1728721890543,False,True,190000.0,9.88e-06,196482665
1728721890543,False,True,190000.0,9.88e-06,196482666
1728721890543,False,True,190000.0,9.88e-06,196482667
1728721890543,False,True,190000.0,9.88e-06,196482668
1728721890543,False,True,190000.0,9.88e-06,196482669
1728721890543,False,True,190000.0,9.88e-06,196482670
1728721890543,False,True,190000.0,9.88e-06,196482671
1728721890543,False,True,190000.0,9.88e-06,196482672
1728721890543,False,True,190000.0,9.88e-06,196482673
1728721890543,False,True,190000.0,9.88e-06,196482674
1728721890543,False,True,190000.0,9.88e-06,196482675
1728721890543,False,True,190000.0,9.88e-06,196482676
1728721890543,False,True,8522380.0,9.89e-06,196482677
1728721891068,True,False,17386284.0,9.88e-06,196482678
1728721892945,True,False,6576290.0,9.88e-06,196482679
1728721904220,True,False,1602466.0,9.88e-06,196482680
1728721905315,True,False,8735872.0,9.88e-06,196482681
1728721911190,False,True,1932817.0,9.89e-06,196482682
1728721912709,True,False,19865963.0,9.88e-06,196482683
1728721914429,True,False,510386.0,9.88e-06,196482684
1728721914977,True,False,32599512.0,9.88e-06,196482685
1728721918176,True,False,74400999.0,9.88e-06,196482686
1728721918682,True,False,464864132.0,9.88e-06,196482687
1728721924853,False,True,22342672.0,9.89e-06,196482688
1728721931237,False,True,24064949.0,9.89e-06,196482689
1728721932800,True,False,4070715.0,9.88e-06,196482690
1728721932800,True,False,761076.0,9.88e-06,196482691
1728721932800,True,False,30364372.0,9.88e-06,196482692
1728721932800,True,False,8184012.0,9.88e-06,196482693
1728721932800,True,False,450404.0,9.88e-06,196482694
1728721932800,True,False,1012145.0,9.88e-06,196482695
1728721932800,True,False,10121457.0,9.88e-06,196482696
1728721932800,True,False,104004160.0,9.88e-06,196482697
1728721932800,True,False,108584253.0,9.88e-06,196482698
1728721932800,True,False,18787000.0,9.88e-06,196482699
1728721932800,True,False,110000.0,9.88e-06,196482700
1728721932800,True,False,42778237.0,9.88e-06,196482701
1728721932800,True,False,126544.0,9.88e-06,196482702
1728721932800,True,False,106281.0,9.88e-06,196482703
1728721932800,True,False,190000.0,9.88e-06,196482704
1728721932800,True,False,190000.0,9.88e-06,196482705
1728721932801,True,False,110000.0,9.88e-06,196482706
1728721932801,True,False,106281.0,9.88e-06,196482707
1728721932801,True,False,190000.0,9.88e-06,196482708
1728721932801,True,False,190000.0,9.88e-06,196482709
1728721932801,True,False,110000.0,9.88e-06,196482710
1728721932801,True,False,106281.0,9.88e-06,196482711
1728721932801,True,False,190000.0,9.88e-06,196482712
1728721932801,True,False,190000.0,9.88e-06,196482713
1728721932801,True,False,110000.0,9.88e-06,196482714
1728721932801,True,False,106281.0,9.88e-06,196482715
1728721932801,True,False,190000.0,9.88e-06,196482716
1728721932801,True,False,190000.0,9.88e-06,196482717
1728721932801,True,False,110000.0,9.88e-06,196482718
1728721932801,True,False,106281.0,9.88e-06,196482719
1728721932801,True,False,190000.0,9.88e-06,196482720
1728721932801,True,False,190000.0,9.88e-06,196482721
1728721932801,True,False,110000.0,9.88e-06,196482722
1728721932801,True,False,106281.0,9.88e-06,196482723
1728721932801,True,False,190000.0,9.88e-06,196482724
1728721932801,True,False,190000.0,9.88e-06,196482725
1728721932801,True,False,110000.0,9.88e-06,196482726
1728721932801,True,False,106281.0,9.88e-06,196482727
1728721932801,True,False,190000.0,9.88e-06,196482728
1728721932801,True,False,190000.0,9.88e-06,196482729
1728721932801,True,False,110000.0,9.88e-06,196482730
1728721932801,True,False,106281.0,9.88e-06,196482731
1728721932801,True,False,190000.0,9.88e-06,196482732
1728721932801,True,False,190000.0,9.88e-06,196482733
1728721932801,True,False,110000.0,9.88e-06,196482734
1728721932801,True,False,106281.0,9.88e-06,196482735
1728721932801,True,False,190000.0,9.88e-06,196482736
1728721932801,True,False,190000.0,9.88e-06,196482737
1728721932801,True,False,110000.0,9.88e-06,196482738
1728721932801,True,False,106281.0,9.88e-06,196482739
1728721932801,True,False,190000.0,9.88e-06,196482740
1728721932801,True,False,190000.0,9.88e-06,196482741
1728721933012,False,True,404858.0,9.88e-06,196482742
1728721935841,True,False,790019.0,9.87e-06,196482743
1728721935968,False,True,2316143.0,9.88e-06,196482744
1728721936959,False,True,50607287.0,9.88e-06,196482745
1728721937559,False,True,5060728.0,9.88e-06,196482746
1728721947751,False,True,70850202.0,9.88e-06,196482747
1728721951731,False,True,5060728.0,9.88e-06,196482748
1728721956371,False,True,488116536.0,9.88e-06,196482749
1728721957614,True,False,4296103.0,9.87e-06,196482750
1728721959424,False,True,1662391.0,9.88e-06,196482751
1728721961423,True,False,3180518.0,9.87e-06,196482752
1728721961854,True,False,247024614.0,9.87e-06,196482753
1728721961854,True,False,255467798.0,9.87e-06,196482754
1728721965763,True,False,45000000.0,9.87e-06,196482755
1728721968322,False,True,8196368.0,9.88e-06,196482756
1728721972778,True,False,124660.0,9.87e-06,196482757
1728721973354,False,True,6477161.0,9.88e-06,196482758
1728721974015,False,True,119352.0,9.88e-06,196482759
1728721974488,False,True,217034786.0,9.88e-06,196482760
1728721974700,False,True,3744712.0,9.88e-06,196482761
1728721974717,False,True,101214.0,9.88e-06,196482762
1728721975471,True,False,24743828.0,9.87e-06,196482763
1728721975487,True,False,455910.0,9.87e-06,196482764
1728721975835,False,True,5055611.0,9.88e-06,196482765
1728721979720,False,True,102780939.0,9.88e-06,196482766
1728721979720,False,True,260589287.0,9.88e-06,196482767
1728721981496,True,False,1123482.0,9.87e-06,196482768
1728721985749,False,True,17009535.0,9.88e-06,196482769
1728721986801,False,True,585231.0,9.88e-06,196482770
1728721990140,True,False,21521392.0,9.87e-06,196482771
1728721990939,False,True,30364372.0,9.88e-06,196482772
1728721991245,False,True,16963795.0,9.88e-06,196482773
1728721992824,False,True,20524579.0,9.88e-06,196482774
1728721996920,False,True,8036220.0,9.88e-06,196482775
1728721997753,True,False,2738761.0,9.87e-06,196482776
1728722001574,True,False,115746650.0,9.87e-06,196482777
1728722001574,True,False,83268591.0,9.87e-06,196482778
1728722001574,True,False,104004160.0,9.87e-06,196482779
1728722001574,True,False,260459378.0,9.87e-06,196482780
1728722001574,True,False,4523701.0,9.87e-06,196482781
1728722001574,True,False,179630126.0,9.87e-06,196482782
1728722001574,True,False,565284263.0,9.87e-06,196482783
1728722001574,True,False,122000.0,9.87e-06,196482784
1728722001574,True,False,1740941.0,9.87e-06,196482785
1728722001574,True,False,1549932.0,9.87e-06,196482786
1728722001574,True,False,2178761.0,9.87e-06,196482787
1728722001574,True,False,30375000.0,9.87e-06,196482788
1728722001574,True,False,30672000.0,9.87e-06,196482789
1728722001574,True,False,15016000.0,9.87e-06,196482790
1728722001574,True,False,14755000.0,9.87e-06,196482791
1728722001574,True,False,14612000.0,9.87e-06,196482792
1728722001574,True,False,5364000.0,9.87e-06,196482793
1728722001574,True,False,20973000.0,9.87e-06,196482794
1728722001574,True,False,30245000.0,9.87e-06,196482795
1728722001574,True,False,14723000.0,9.87e-06,196482796
1728722001574,True,False,30343000.0,9.87e-06,196482797
1728722001574,True,False,9000000.0,9.87e-06,196482798
1728722001574,True,False,500000.0,9.87e-06,196482799
1728722001574,True,False,9999999.0,9.87e-06,196482800
1728722001574,True,False,506585.0,9.87e-06,196482801
1728722001574,True,False,190000.0,9.87e-06,196482802
1728722001574,True,False,190000.0,9.87e-06,196482803
1728722001574,True,False,106394.0,9.87e-06,196482804
1728722001574,True,False,110000.0,9.87e-06,196482805
1728722001574,True,False,22788.0,9.87e-06,196482806
1728722001574,True,False,83606.0,9.87e-06,196482807
1728722001574,True,False,190000.0,9.87e-06,196482808
1728722001574,True,False,190000.0,9.87e-06,196482809
1728722001574,True,False,190000.0,9.87e-06,196482810
1728722001574,True,False,106394.0,9.87e-06,196482811
1728722001574,True,False,110000.0,9.87e-06,196482812
1728722001574,True,False,106394.0,9.87e-06,196482813
1728722001574,True,False,190000.0,9.87e-06,196482814
1728722001574,True,False,190000.0,9.87e-06,196482815
1728722001574,True,False,190000.0,9.87e-06,196482816
1728722001574,True,False,106394.0,9.87e-06,196482817
1728722001574,True,False,110000.0,9.87e-06,196482818
1728722001574,True,False,106394.0,9.87e-06,196482819
1728722001574,True,False,190000.0,9.87e-06,196482820
1728722001574,True,False,190000.0,9.87e-06,196482821
1728722001574,True,False,190000.0,9.87e-06,196482822
1728722001574,True,False,106394.0,9.87e-06,196482823
1728722001574,True,False,110000.0,9.87e-06,196482824
1728722001574,True,False,106394.0,9.87e-06,196482825
1728722001574,True,False,190000.0,9.87e-06,196482826
1728722001574,True,False,190000.0,9.87e-06,196482827
1728722001574,True,False,190000.0,9.87e-06,196482828
1728722001574,True,False,106394.0,9.87e-06,196482829
1728722001574,True,False,110000.0,9.87e-06,196482830
1728722001574,True,False,106394.0,9.87e-06,196482831
1728722001574,True,False,190000.0,9.87e-06,196482832
1728722001574,True,False,190000.0,9.87e-06,196482833
1728722001574,True,False,190000.0,9.87e-06,196482834
1728722001574,True,False,106394.0,9.87e-06,196482835
1728722001574,True,False,110000.0,9.87e-06,196482836
1728722001574,True,False,106394.0,9.87e-06,196482837
1728722001574,True,False,190000.0,9.87e-06,196482838
1728722001574,True,False,190000.0,9.87e-06,196482839
1728722001574,True,False,190000.0,9.87e-06,196482840
1728722001574,True,False,106394.0,9.87e-06,196482841
1728722001574,True,False,110000.0,9.87e-06,196482842
1728722001574,True,False,106394.0,9.87e-06,196482843
1728722001574,True,False,190000.0,9.87e-06,196482844
1728722001574,True,False,190000.0,9.87e-06,196482845
1728722001574,True,False,190000.0,9.87e-06,196482846
1728722001574,True,False,106394.0,9.87e-06,196482847
1728722001574,True,False,110000.0,9.87e-06,196482848
1728722001574,True,False,106394.0,9.87e-06,196482849
1728722001574,True,False,190000.0,9.87e-06,196482850
1728722001574,True,False,190000.0,9.87e-06,196482851
1728722001574,True,False,190000.0,9.87e-06,196482852
1728722001574,True,False,106394.0,9.87e-06,196482853
1728722001574,True,False,110000.0,9.87e-06,196482854
1728722001574,True,False,106394.0,9.87e-06,196482855
1728722001574,True,False,190000.0,9.87e-06,196482856
1728722001574,True,False,190000.0,9.87e-06,196482857
1728722001574,True,False,190000.0,9.87e-06,196482858
1728722001574,True,False,106394.0,9.87e-06,196482859
1728722001574,True,False,110000.0,9.87e-06,196482860
1728722001574,True,False,106394.0,9.87e-06,196482861
1728722001574,True,False,190000.0,9.87e-06,196482862
1728722002614,False,True,516717.0,9.87e-06,196482863
1728722004052,False,True,14644000.0,9.87e-06,196482864
1728722004052,False,True,18787000.0,9.87e-06,196482865
1728722004052,False,True,32320000.0,9.87e-06,196482866
1728722004052,False,True,40000000.0,9.87e-06,196482867
1728722004052,False,True,20000000.0,9.87e-06,196482868
1728722004052,False,True,3300406.0,9.87e-06,196482869
1728722004052,False,True,54553091.0,9.87e-06,196482870
1728722004052,False,True,20973000.0,9.87e-06,196482871
1728722004052,False,True,14755000.0,9.87e-06,196482872
1728722004052,False,True,5364000.0,9.87e-06,196482873
1728722004052,False,True,47404489.0,9.87e-06,196482874
1728722004052,False,True,190000.0,9.87e-06,196482875
1728722004052,False,True,106507.0,9.87e-06,196482876
1728722004052,False,True,106507.0,9.87e-06,196482877
1728722004052,False,True,106507.0,9.87e-06,196482878
1728722004052,False,True,106507.0,9.87e-06,196482879
1728722004052,False,True,190000.0,9.87e-06,196482880
1728722004052,False,True,106507.0,9.87e-06,196482881
1728722004052,False,True,106507.0,9.87e-06,196482882
1728722004052,False,True,190000.0,9.87e-06,196482883
1728722004052,False,True,106507.0,9.87e-06,196482884
1728722004052,False,True,106507.0,9.87e-06,196482885
1728722004052,False,True,106507.0,9.87e-06,196482886
1728722004052,False,True,106507.0,9.87e-06,196482887
1728722004052,False,True,190000.0,9.87e-06,196482888
1728722004052,False,True,106507.0,9.87e-06,196482889
1728722004052,False,True,106507.0,9.87e-06,196482890
1728722004052,False,True,190000.0,9.87e-06,196482891
1728722004052,False,True,106507.0,9.87e-06,196482892
1728722004052,False,True,106507.0,9.87e-06,196482893
1728722004052,False,True,106507.0,9.87e-06,196482894
1728722004052,False,True,106507.0,9.87e-06,196482895
1728722004052,False,True,190000.0,9.87e-06,196482896
1728722004052,False,True,106507.0,9.87e-06,196482897
1728722004052,False,True,106507.0,9.87e-06,196482898
1728722004052,False,True,190000.0,9.87e-06,196482899
1728722004052,False,True,106507.0,9.87e-06,196482900
1728722004052,False,True,106507.0,9.87e-06,196482901
1728722004052,False,True,106507.0,9.87e-06,196482902
1728722004052,False,True,106507.0,9.87e-06,196482903
1728722004052,False,True,190000.0,9.87e-06,196482904
1728722004052,False,True,106507.0,9.87e-06,196482905
1728722004052,False,True,106507.0,9.87e-06,196482906
1728722004052,False,True,190000.0,9.87e-06,196482907
1728722004052,False,True,106507.0,9.87e-06,196482908
1728722004052,False,True,106507.0,9.87e-06,196482909
1728722004052,False,True,106507.0,9.87e-06,196482910
1728722004052,False,True,106507.0,9.87e-06,196482911
1728722004052,False,True,190000.0,9.87e-06,196482912
1728722004052,False,True,106507.0,9.87e-06,196482913
1728722004052,False,True,106507.0,9.87e-06,196482914
1728722004052,False,True,190000.0,9.87e-06,196482915
1728722004052,False,True,106507.0,9.87e-06,196482916
1728722004052,False,True,106507.0,9.87e-06,196482917
1728722004052,False,True,106507.0,9.87e-06,196482918
1728722004052,False,True,106507.0,9.87e-06,196482919
1728722004052,False,True,190000.0,9.87e-06,196482920
1728722004052,False,True,106507.0,9.87e-06,196482921
1728722004052,False,True,106507.0,9.87e-06,196482922
1728722004052,False,True,190000.0,9.87e-06,196482923
1728722004052,False,True,106507.0,9.87e-06,196482924
1728722004052,False,True,106507.0,9.87e-06,196482925
1728722004052,False,True,106507.0,9.87e-06,196482926
1728722004052,False,True,106507.0,9.87e-06,196482927
1728722004052,False,True,190000.0,9.87e-06,196482928
1728722004052,False,True,106507.0,9.87e-06,196482929
1728722004052,False,True,106507.0,9.87e-06,196482930
1728722004052,False,True,190000.0,9.87e-06,196482931
1728722004052,False,True,106507.0,9.87e-06,196482932
1728722004052,False,True,106507.0,9.87e-06,196482933
1728722004052,False,True,106507.0,9.87e-06,196482934
1728722004052,False,True,106507.0,9.87e-06,196482935
1728722004052,False,True,190000.0,9.87e-06,196482936
1728722004052,False,True,106507.0,9.87e-06,196482937
1728722004052,False,True,106507.0,9.87e-06,196482938
1728722004052,False,True,190000.0,9.87e-06,196482939
1728722004052,False,True,106507.0,9.87e-06,196482940
1728722004052,False,True,106507.0,9.87e-06,196482941
1728722004052,False,True,106507.0,9.87e-06,196482942
1728722004052,False,True,106507.0,9.87e-06,196482943
1728722004052,False,True,190000.0,9.87e-06,196482944
1728722004052,False,True,106507.0,9.87e-06,196482945
1728722004052,False,True,106507.0,9.87e-06,196482946
1728722004052,False,True,190000.0,9.87e-06,196482947
1728722004052,False,True,106507.0,9.87e-06,196482948
1728722004052,False,True,106507.0,9.87e-06,196482949
1728722004052,False,True,106507.0,9.87e-06,196482950
1728722004052,False,True,106507.0,9.87e-06,196482951
1728722004052,False,True,190000.0,9.87e-06,196482952
1728722004052,False,True,106507.0,9.87e-06,196482953
1728722004052,False,True,106507.0,9.87e-06,196482954
1728722004498,False,True,5081804.0,9.88e-06,196482955
1728722006148,False,True,1249687.0,9.88e-06,196482956
1728722007596,True,False,16731409.0,9.87e-06,196482957
1728722007596,True,False,104004160.0,9.87e-06,196482958
1728722007596,True,False,190000.0,9.87e-06,196482959
1728722007596,True,False,106394.0,9.87e-06,196482960
1728722007596,True,False,106394.0,9.87e-06,196482961
1728722007596,True,False,110000.0,9.87e-06,196482962
1728722007596,True,False,190000.0,9.87e-06,196482963
1728722007596,True,False,106394.0,9.87e-06,196482964
1728722007596,True,False,106394.0,9.87e-06,196482965
1728722007596,True,False,106394.0,9.87e-06,196482966
1728722007596,True,False,401445796.0,9.87e-06,196482967
1728722007596,True,False,190000.0,9.87e-06,196482968
1728722007596,True,False,106394.0,9.87e-06,196482969
1728722007596,True,False,106394.0,9.87e-06,196482970
1728722007596,True,False,110000.0,9.87e-06,196482971
1728722007596,True,False,190000.0,9.87e-06,196482972
1728722007596,True,False,106394.0,9.87e-06,196482973
1728722007596,True,False,106394.0,9.87e-06,196482974
1728722007596,True,False,106394.0,9.87e-06,196482975
1728722007596,True,False,190000.0,9.87e-06,196482976
1728722007596,True,False,106394.0,9.87e-06,196482977
1728722007596,True,False,106394.0,9.87e-06,196482978
1728722007596,True,False,110000.0,9.87e-06,196482979
1728722007596,True,False,190000.0,9.87e-06,196482980
1728722007596,True,False,106394.0,9.87e-06,196482981
1728722007596,True,False,106394.0,9.87e-06,196482982
1728722007596,True,False,106394.0,9.87e-06,196482983
1728722007596,True,False,190000.0,9.87e-06,196482984
1728722007596,True,False,106394.0,9.87e-06,196482985
1728722007596,True,False,106394.0,9.87e-06,196482986
1728722007596,True,False,110000.0,9.87e-06,196482987
1728722007596,True,False,190000.0,9.87e-06,196482988
1728722007596,True,False,106394.0,9.87e-06,196482989
1728722007596,True,False,106394.0,9.87e-06,196482990
1728722007596,True,False,106394.0,9.87e-06,196482991
1728722007596,True,False,190000.0,9.87e-06,196482992
1728722007596,True,False,106394.0,9.87e-06,196482993
1728722007596,True,False,106394.0,9.87e-06,196482994
1728722007596,True,False,110000.0,9.87e-06,196482995
1728722007596,True,False,190000.0,9.87e-06,196482996
1728722007596,True,False,106394.0,9.87e-06,196482997
1728722007596,True,False,106394.0,9.87e-06,196482998
1728722007596,True,False,106394.0,9.87e-06,196482999
1728722007596,True,False,190000.0,9.87e-06,196483000
1728722007596,True,False,106394.0,9.87e-06,196483001
1728722007596,True,False,106394.0,9.87e-06,196483002
1728722007596,True,False,110000.0,9.87e-06,196483003
1728722007596,True,False,190000.0,9.87e-06,196483004
1728722007596,True,False,106394.0,9.87e-06,196483005
1728722007596,True,False,106394.0,9.87e-06,196483006
1728722007596,True,False,106394.0,9.87e-06,196483007
1728722007596,True,False,190000.0,9.87e-06,196483008
1728722007596,True,False,106394.0,9.87e-06,196483009
1728722007596,True,False,106394.0,9.87e-06,196483010
1728722007596,True,False,110000.0,9.87e-06,196483011
1728722007596,True,False,190000.0,9.87e-06,196483012
1728722007596,True,False,106394.0,9.87e-06,196483013
1728722007596,True,False,106394.0,9.87e-06,196483014
1728722007596,True,False,106394.0,9.87e-06,196483015
1728722007596,True,False,190000.0,9.87e-06,196483016
1728722007596,True,False,106394.0,9.87e-06,196483017
1728722007596,True,False,106394.0,9.87e-06,196483018
1728722007596,True,False,110000.0,9.87e-06,196483019
1728722007596,True,False,190000.0,9.87e-06,196483020
1728722007596,True,False,106394.0,9.87e-06,196483021
1728722007596,True,False,106394.0,9.87e-06,196483022
1728722007596,True,False,106394.0,9.87e-06,196483023
1728722007596,True,False,190000.0,9.87e-06,196483024
1728722007596,True,False,106394.0,9.87e-06,196483025
1728722007596,True,False,106394.0,9.87e-06,196483026
1728722007596,True,False,110000.0,9.87e-06,196483027
1728722007596,True,False,190000.0,9.87e-06,196483028
1728722007596,True,False,106394.0,9.87e-06,196483029
1728722007596,True,False,106394.0,9.87e-06,196483030
1728722007596,True,False,106394.0,9.87e-06,196483031
1728722007596,True,False,190000.0,9.87e-06,196483032
1728722007596,True,False,106394.0,9.87e-06,196483033
1728722007596,True,False,106394.0,9.87e-06,196483034
1728722007596,True,False,110000.0,9.87e-06,196483035
1728722007596,True,False,190000.0,9.87e-06,196483036
1728722007596,True,False,106394.0,9.87e-06,196483037
1728722007596,True,False,106394.0,9.87e-06,196483038
1728722007596,True,False,106394.0,9.87e-06,196483039
1728722010888,False,True,30343000.0,9.87e-06,196483040
1728722010888,False,True,30672000.0,9.87e-06,196483041
1728722010888,False,True,15016000.0,9.87e-06,196483042
1728722010888,False,True,14723000.0,9.87e-06,196483043
1728722010888,False,True,30375000.0,9.87e-06,196483044
1728722010888,False,True,14612000.0,9.87e-06,196483045
1728722010888,False,True,30245000.0,9.87e-06,196483046
1728722010888,False,True,14199752.0,9.87e-06,196483047
1728722010888,False,True,13662217.0,9.87e-06,196483048
1728722010888,False,True,2800000.0,9.87e-06,196483049
1728722010888,False,True,190000.0,9.87e-06,196483050
1728722010888,False,True,190000.0,9.87e-06,196483051
1728722010888,False,True,106507.0,9.87e-06,196483052
1728722010888,False,True,190000.0,9.87e-06,196483053
1728722010888,False,True,190000.0,9.87e-06,196483054
1728722010888,False,True,190000.0,9.87e-06,196483055
1728722010888,False,True,106507.0,9.87e-06,196483056
1728722010888,False,True,190000.0,9.87e-06,196483057
1728722010888,False,True,190000.0,9.87e-06,196483058
1728722010888,False,True,190000.0,9.87e-06,196483059
1728722010888,False,True,106507.0,9.87e-06,196483060
1728722010888,False,True,190000.0,9.87e-06,196483061
1728722010888,False,True,190000.0,9.87e-06,196483062
1728722010888,False,True,190000.0,9.87e-06,196483063
1728722010888,False,True,106507.0,9.87e-06,196483064
1728722010888,False,True,190000.0,9.87e-06,196483065
1728722010888,False,True,190000.0,9.87e-06,196483066
1728722010888,False,True,190000.0,9.87e-06,196483067
1728722010888,False,True,106507.0,9.87e-06,196483068
1728722010888,False,True,190000.0,9.87e-06,196483069
1728722010888,False,True,190000.0,9.87e-06,196483070
1728722010888,False,True,190000.0,9.87e-06,196483071
1728722010888,False,True,106507.0,9.87e-06,196483072
1728722010888,False,True,190000.0,9.87e-06,196483073
1728722010888,False,True,190000.0,9.87e-06,196483074
1728722010888,False,True,190000.0,9.87e-06,196483075
1728722010888,False,True,106507.0,9.87e-06,196483076
1728722010888,False,True,190000.0,9.87e-06,196483077
1728722010888,False,True,190000.0,9.87e-06,196483078
1728722010888,False,True,190000.0,9.87e-06,196483079
1728722010888,False,True,106507.0,9.87e-06,196483080
1728722010888,False,True,190000.0,9.87e-06,196483081
1728722010888,False,True,190000.0,9.87e-06,196483082
1728722010888,False,True,190000.0,9.87e-06,196483083
1728722010888,False,True,106507.0,9.87e-06,196483084
1728722010888,False,True,190000.0,9.87e-06,196483085
1728722010888,False,True,190000.0,9.87e-06,196483086
1728722010888,False,True,190000.0,9.87e-06,196483087
1728722010888,False,True,106507.0,9.87e-06,196483088
1728722010888,False,True,190000.0,9.87e-06,196483089
1728722012308,False,True,30331410.0,9.88e-06,196483090
1728722015635,True,False,7568181.0,9.87e-06,196483091
1728722016040,False,True,15236330.0,9.88e-06,196483092
1728722016669,True,False,6686930.0,9.87e-06,196483093
1728722018129,False,True,53104944.0,9.88e-06,196483094
1728722018977,False,True,3036437.0,9.88e-06,196483095
1728722023658,True,False,2347677.0,9.87e-06,196483096
1728722028693,True,False,6585612.0,9.87e-06,196483097
1728722030919,False,True,19199202.0,9.88e-06,196483098
1728722031761,True,False,3315618.0,9.87e-06,196483099
1728722034036,False,True,10121457.0,9.88e-06,196483100
1728722040169,True,False,5065856.0,9.87e-06,196483101
1728722045030,False,True,1012145.0,9.88e-06,196483102
1728722050952,False,True,972744.0,9.88e-06,196483103
1728722051265,False,True,129323.0,9.88e-06,196483104
1728722052771,False,True,262174.0,9.88e-06,196483105
1728722054387,False,True,2003340.0,9.88e-06,196483106
1728722054753,False,True,1667806.0,9.88e-06,196483107
1728722055739,True,False,438517.0,9.87e-06,196483108
1728722057172,False,True,113369.0,9.88e-06,196483109
1728722057172,False,True,165340.0,9.88e-06,196483110
1728722057172,False,True,9569746.0,9.88e-06,196483111
1728722057172,False,True,319624.0,9.88e-06,196483112
1728722057172,False,True,738934.0,9.88e-06,196483113
1728722057172,False,True,5060728.0,9.88e-06,196483114
1728722057172,False,True,4253071.0,9.88e-06,196483115
1728722058692,False,True,11065687.0,9.88e-06,196483116
1728722058692,False,True,83268591.0,9.88e-06,196483117
1728722058692,False,True,532975693.0,9.88e-06,196483118
1728722058692,False,True,98784716.0,9.88e-06,196483119
1728722058692,False,True,632278.0,9.88e-06,196483120
1728722058692,False,True,3777912.0,9.88e-06,196483121
1728722058692,False,True,3049502.0,9.88e-06,196483122
1728722058692,False,True,10242619.0,9.88e-06,196483123
1728722058692,False,True,256203002.0,9.88e-06,196483124
1728722058693,False,True,756296993.0,9.88e-06,196483125
1728722058693,False,True,104004160.0,9.88e-06,196483126
1728722058693,False,True,190000.0,9.88e-06,196483127
1728722058693,False,True,106394.0,9.88e-06,196483128
1728722058693,False,True,190000.0,9.88e-06,196483129
1728722058693,False,True,25579508.0,9.88e-06,196483130
1728722058693,False,True,190000.0,9.88e-06,196483131
1728722058693,False,True,106394.0,9.88e-06,196483132
1728722058693,False,True,190000.0,9.88e-06,196483133
1728722058693,False,True,190000.0,9.88e-06,196483134
1728722058693,False,True,106394.0,9.88e-06,196483135
1728722058693,False,True,190000.0,9.88e-06,196483136
1728722058693,False,True,190000.0,9.88e-06,196483137
1728722058693,False,True,106394.0,9.88e-06,196483138
1728722058693,False,True,190000.0,9.88e-06,196483139
1728722058693,False,True,190000.0,9.88e-06,196483140
1728722058693,False,True,106394.0,9.88e-06,196483141
1728722058693,False,True,190000.0,9.88e-06,196483142
1728722058693,False,True,190000.0,9.88e-06,196483143
1728722058693,False,True,106394.0,9.88e-06,196483144
1728722058693,False,True,190000.0,9.88e-06,196483145
1728722058693,False,True,190000.0,9.88e-06,196483146
1728722058693,False,True,106394.0,9.88e-06,196483147
1728722058693,False,True,190000.0,9.88e-06,196483148
1728722058693,False,True,190000.0,9.88e-06,196483149
1728722058693,False,True,106394.0,9.88e-06,196483150
1728722058693,False,True,190000.0,9.88e-06,196483151
1728722058693,False,True,190000.0,9.88e-06,196483152
1728722058693,False,True,106394.0,9.88e-06,196483153
1728722058693,False,True,190000.0,9.88e-06,196483154
1728722058693,False,True,190000.0,9.88e-06,196483155
1728722058693,False,True,106394.0,9.88e-06,196483156
1728722058693,False,True,190000.0,9.88e-06,196483157
1728722058997,True,False,453107835.0,9.88e-06,196483158
1728722063148,False,True,36886733.0,9.89e-06,196483159
1728722063148,False,True,307834.0,9.89e-06,196483160
1728722063148,False,True,5602863.0,9.89e-06,196483161
1728722063148,False,True,693606014.0,9.89e-06,196483162
1728722063148,False,True,95575190.0,9.89e-06,196483163
1728722063148,False,True,19618634.0,9.89e-06,196483164
1728722063148,False,True,124055168.0,9.89e-06,196483165
1728722063149,False,True,433389094.0,9.89e-06,196483166
1728722063149,False,True,151899.0,9.89e-06,196483167
1728722063149,False,True,151899.0,9.89e-06,196483168
1728722063149,False,True,218698.0,9.89e-06,196483169
1728722063149,False,True,202657.0,9.89e-06,196483170
1728722063149,False,True,548682.0,9.89e-06,196483171
1728722063149,False,True,130781.0,9.89e-06,196483172
1728722063149,False,True,122000.0,9.89e-06,196483173
1728722063149,False,True,1819259.0,9.89e-06,196483174
1728722063149,False,True,127786.0,9.89e-06,196483175
1728722063149,False,True,30386945.0,9.89e-06,196483176
1728722063149,False,True,5055611.0,9.89e-06,196483177
1728722063149,False,True,229158472.0,9.89e-06,196483178
1728722063149,False,True,40000000.0,9.89e-06,196483179
1728722063149,False,True,20000000.0,9.89e-06,196483180
1728722063149,False,True,839229958.0,9.89e-06,196483181
1728722063149,False,True,190000.0,9.89e-06,196483182
1728722063149,False,True,106281.0,9.89e-06,196483183
1728722063149,False,True,190000.0,9.89e-06,196483184
1728722063149,False,True,190000.0,9.89e-06,196483185
1728722063149,False,True,106281.0,9.89e-06,196483186
1728722063149,False,True,190000.0,9.89e-06,196483187
1728722063149,False,True,190000.0,9.89e-06,196483188
1728722063149,False,True,106281.0,9.89e-06,196483189
1728722063149,False,True,190000.0,9.89e-06,196483190
1728722063149,False,True,190000.0,9.89e-06,196483191
1728722063149,False,True,106281.0,9.89e-06,196483192
1728722063149,False,True,190000.0,9.89e-06,196483193
1728722063149,False,True,190000.0,9.89e-06,196483194
1728722063149,False,True,106281.0,9.89e-06,196483195
1728722063149,False,True,190000.0,9.89e-06,196483196
1728722063149,False,True,190000.0,9.89e-06,196483197
1728722063149,False,True,106281.0,9.89e-06,196483198
1728722063149,False,True,190000.0,9.89e-06,196483199
1728722063149,False,True,190000.0,9.89e-06,196483200
1728722063149,False,True,106281.0,9.89e-06,196483201
1728722063149,False,True,190000.0,9.89e-06,196483202
1728722063149,False,True,190000.0,9.89e-06,196483203
1728722063149,False,True,106281.0,9.89e-06,196483204
1728722063149,False,True,190000.0,9.89e-06,196483205
1728722063149,False,True,190000.0,9.89e-06,196483206
1728722063149,False,True,106281.0,9.89e-06,196483207
1728722063149,False,True,190000.0,9.89e-06,196483208
1728722063149,False,True,190000.0,9.89e-06,196483209
1728722063149,False,True,106281.0,9.89e-06,196483210
1728722063149,False,True,190000.0,9.89e-06,196483211
1728722063225,True,False,23658624.0,9.89e-06,196483212
1728722063934,False,True,73073193.0,9.9e-06,196483213
1728722063969,True,False,22020435.0,9.89e-06,196483214
1728722064500,True,False,715981.0,9.89e-06,196483215
1728722065933,False,True,73073201.0,9.9e-06,196483216
1728722066933,False,True,62681286.0,9.9e-06,196483217
1728722066933,False,True,10391915.0,9.9e-06,196483218
1728722070794,False,True,12050819.0,9.9e-06,196483219
1728722071301,True,False,427364110.0,9.89e-06,196483220
1728722071898,False,True,339229537.0,9.9e-06,196483221
1728722071898,False,True,6453555.0,9.9e-06,196483222
1728722071898,False,True,235434.0,9.9e-06,196483223
1728722071898,False,True,200042.0,9.9e-06,196483224
1728722071898,False,True,146435.0,9.9e-06,196483225
1728722071898,False,True,951685.0,9.9e-06,196483226
1728722071898,False,True,1018226.0,9.9e-06,196483227
1728722071898,False,True,504579.0,9.9e-06,196483228
1728722071898,False,True,165160.0,9.9e-06,196483229
1728722071898,False,True,149665.0,9.9e-06,196483230
1728722071898,False,True,2285482.0,9.9e-06,196483231
1728722071898,False,True,1087898.0,9.9e-06,196483232
1728722071898,False,True,769135.0,9.9e-06,196483233
1728722071898,False,True,12682490.0,9.9e-06,196483234
1728722071898,False,True,739361.0,9.9e-06,196483235
1728722071898,False,True,808080.0,9.9e-06,196483236
1728722071898,False,True,23520097.0,9.9e-06,196483237
1728722071898,False,True,9773088.0,9.9e-06,196483238
1728722071898,False,True,296185.0,9.9e-06,196483239
1728722071898,False,True,151345.0,9.9e-06,196483240
1728722071898,False,True,207350.0,9.9e-06,196483241
1728722071898,False,True,444127.0,9.9e-06,196483242
1728722071898,False,True,165993.0,9.9e-06,196483243
1728722071898,False,True,269200.0,9.9e-06,196483244
1728722071898,False,True,171444.0,9.9e-06,196483245
1728722071898,False,True,139119.0,9.9e-06,196483246
1728722071898,False,True,166815.0,9.9e-06,196483247
1728722071898,False,True,307170.0,9.9e-06,196483248
1728722071898,False,True,162083.0,9.9e-06,196483249
1728722071898,False,True,2477742.0,9.9e-06,196483250
1728722071898,False,True,188218.0,9.9e-06,196483251
1728722071898,False,True,147403.0,9.9e-06,196483252
1728722071898,False,True,2261743.0,9.9e-06,196483253
1728722071898,False,True,166851.0,9.9e-06,196483254
1728722071898,False,True,4253463.0,9.9e-06,196483255
1728722071898,False,True,104019.0,9.9e-06,196483256
1728722071898,False,True,153954.0,9.9e-06,196483257
1728722071898,False,True,11703840.0,9.9e-06,196483258
1728722071898,False,True,303951.0,9.9e-06,196483259
1728722071898,False,True,1048051.0,9.9e-06,196483260
1728722071898,False,True,1258276.0,9.9e-06,196483261
1728722071898,False,True,265207.0,9.9e-06,196483262
1728722071898,False,True,188218.0,9.9e-06,196483263
1728722071898,False,True,243570.0,9.9e-06,196483264
1728722071898,False,True,2409870.0,9.9e-06,196483265
1728722071898,False,True,177872.0,9.9e-06,196483266
1728722071898,False,True,250319.0,9.9e-06,196483267
1728722071898,False,True,238257.0,9.9e-06,196483268
1728722071898,False,True,135897.0,9.9e-06,196483269
1728722071898,False,True,2715728.0,9.9e-06,196483270
1728722071898,False,True,1517301.0,9.9e-06,196483271
1728722071898,False,True,114203.0,9.9e-06,196483272
1728722071898,False,True,143036.0,9.9e-06,196483273
1728722071898,False,True,169599.0,9.9e-06,196483274
1728722071898,False,True,245571.0,9.9e-06,196483275
1728722071898,False,True,231100.0,9.9e-06,196483276
1728722071898,False,True,2075246.0,9.9e-06,196483277
1728722071898,False,True,2624238.0,9.9e-06,196483278
1728722071898,False,True,1376216.0,9.9e-06,196483279
1728722071898,False,True,1629227.0,9.9e-06,196483280
1728722071898,False,True,520179.0,9.9e-06,196483281
1728722071898,False,True,961801.0,9.9e-06,196483282
1728722071973,True,False,104563.0,9.89e-06,196483283
1728722074867,False,True,1556380.0,9.9e-06,196483284
1728722075571,False,True,7685901.0,9.9e-06,196483285
1728722075571,False,True,46641019.0,9.9e-06,196483286
1728722076605,False,True,6894334.0,9.9e-06,196483287
1728722076605,False,True,2527797.0,9.9e-06,196483288
1728722076605,False,True,2330885.0,9.9e-06,196483289
1728722076605,False,True,1815036.0,9.9e-06,196483290
1728722076605,False,True,25252525.0,9.9e-06,196483291
1728722076605,False,True,2228511414.0,9.9e-06,196483292
1728722077571,False,True,54326924.0,9.9e-06,196483293
1728722077870,True,False,4275890.0,9.89e-06,196483294
1728722077878,True,False,23715823.0,9.89e-06,196483295
1728722078235,False,True,1066026127.0,9.9e-06,196483296
1728722078235,False,True,269790233.0,9.9e-06,196483297
1728722078570,False,True,2847920.0,9.9e-06,196483298
1728722078570,False,True,1010101.0,9.9e-06,196483299
1728722078570,False,True,112484.0,9.9e-06,196483300
1728722078570,False,True,50356419.0,9.9e-06,196483301
1728722079377,True,False,7306456.0,9.89e-06,196483302
1728722080216,True,False,118659562.0,9.89e-06,196483303
1728722080224,True,False,8697964.0,9.89e-06,196483304
1728722080224,True,False,17139717.0,9.89e-06,196483305
1728722080224,True,False,106168.0,9.89e-06,196483306
1728722080224,True,False,190000.0,9.89e-06,196483307
1728722080224,True,False,110000.0,9.89e-06,196483308
1728722080224,True,False,190000.0,9.89e-06,196483309
1728722080224,True,False,110000.0,9.89e-06,196483310
1728722080224,True,False,106168.0,9.89e-06,196483311
1728722080224,True,False,190000.0,9.89e-06,196483312
1728722080224,True,False,110000.0,9.89e-06,196483313
1728722080224,True,False,190000.0,9.89e-06,196483314
1728722080224,True,False,110000.0,9.89e-06,196483315
1728722080224,True,False,106168.0,9.89e-06,196483316
1728722080224,True,False,190000.0,9.89e-06,196483317
1728722080224,True,False,110000.0,9.89e-06,196483318
1728722080224,True,False,190000.0,9.89e-06,196483319
1728722080224,True,False,110000.0,9.89e-06,196483320
1728722080224,True,False,106168.0,9.89e-06,196483321
1728722080224,True,False,190000.0,9.89e-06,196483322
1728722080224,True,False,110000.0,9.89e-06,196483323
1728722080224,True,False,190000.0,9.89e-06,196483324
1728722080224,True,False,110000.0,9.89e-06,196483325
1728722080224,True,False,106168.0,9.89e-06,196483326
1728722080224,True,False,190000.0,9.89e-06,196483327
1728722080224,True,False,110000.0,9.89e-06,196483328
1728722080224,True,False,190000.0,9.89e-06,196483329
1728722080224,True,False,110000.0,9.89e-06,196483330
1728722080224,True,False,106168.0,9.89e-06,196483331
1728722080224,True,False,190000.0,9.89e-06,196483332
1728722080224,True,False,110000.0,9.89e-06,196483333
1728722080224,True,False,190000.0,9.89e-06,196483334
1728722080224,True,False,110000.0,9.89e-06,196483335
1728722080224,True,False,106168.0,9.89e-06,196483336
1728722080224,True,False,190000.0,9.89e-06,196483337
1728722080224,True,False,110000.0,9.89e-06,196483338
1728722080224,True,False,190000.0,9.89e-06,196483339
1728722080224,True,False,110000.0,9.89e-06,196483340
1728722080224,True,False,106168.0,9.89e-06,196483341
1728722080224,True,False,190000.0,9.89e-06,196483342
1728722080224,True,False,110000.0,9.89e-06,196483343
1728722080224,True,False,190000.0,9.89e-06,196483344
1728722080224,True,False,110000.0,9.89e-06,196483345
1728722080224,True,False,106168.0,9.89e-06,196483346
1728722080224,True,False,190000.0,9.89e-06,196483347
1728722080224,True,False,110000.0,9.89e-06,196483348
1728722080224,True,False,190000.0,9.89e-06,196483349
1728722080224,True,False,110000.0,9.89e-06,196483350
1728722080224,True,False,106168.0,9.89e-06,196483351
1728722080224,True,False,190000.0,9.89e-06,196483352
1728722080224,True,False,110000.0,9.89e-06,196483353
1728722080224,True,False,190000.0,9.89e-06,196483354
1728722080224,True,False,110000.0,9.89e-06,196483355
1728722081348,False,True,1007750209.0,9.89e-06,196483356
1728722082584,False,True,7580613.0,9.89e-06,196483357
1728722082584,False,True,2811569.0,9.89e-06,196483358
1728722082584,False,True,2960229.0,9.89e-06,196483359
1728722082584,False,True,8465582.0,9.89e-06,196483360
1728722082594,False,True,14134338.0,9.89e-06,196483361
1728722082594,False,True,4454591.0,9.89e-06,196483362
1728722082594,False,True,2811624.0,9.89e-06,196483363
1728722082594,False,True,5645939.0,9.89e-06,196483364
1728722082594,False,True,5645479.0,9.89e-06,196483365
1728722082594,False,True,2811564.0,9.89e-06,196483366
1728722082595,False,True,3977087.0,9.89e-06,196483367
1728722083488,True,False,349894.0,9.88e-06,196483368
1728722083998,False,True,1074724.0,9.89e-06,196483369
1728722086935,False,True,10101032.0,9.89e-06,196483370
1728722087411,False,True,10101010.0,9.89e-06,196483371
1728722091234,True,False,449394.0,9.88e-06,196483372
1728722093855,False,True,206268958.0,9.89e-06,196483373
1728722094218,False,True,2467117.0,9.89e-06,196483374
1728722102804,False,True,134530054.0,9.89e-06,196483375
1728722103642,False,True,5050536.0,9.89e-06,196483376
1728722104721,False,True,123980969.0,9.89e-06,196483377
1728722104722,False,True,138542568.0,9.89e-06,196483378
1728722104723,False,True,144076463.0,9.89e-06,196483379
1728722104723,False,True,909200000.0,9.89e-06,196483380
1728722104723,False,True,734028101.0,9.89e-06,196483381
1728722104723,False,True,97112775.0,9.89e-06,196483382
1728722104723,False,True,31865000.0,9.89e-06,196483383
1728722104723,False,True,14052000.0,9.89e-06,196483384
1728722104723,False,True,19054000.0,9.89e-06,196483385
1728722104723,False,True,5020000.0,9.89e-06,196483386
1728722104723,False,True,13925000.0,9.89e-06,196483387
1728722104723,False,True,14024000.0,9.89e-06,196483388
1728722104723,False,True,11299000.0,9.89e-06,196483389
1728722104723,False,True,19074000.0,9.89e-06,196483390
1728722104723,False,True,13981000.0,9.89e-06,196483391
1728722104723,False,True,19054000.0,9.89e-06,196483392
1728722104723,False,True,5040000.0,9.89e-06,196483393
1728722104723,False,True,32009000.0,9.89e-06,196483394
1728722104723,False,True,31722000.0,9.89e-06,196483395
1728722104723,False,True,13967000.0,9.89e-06,196483396
1728722104723,False,True,495524685.0,9.89e-06,196483397
1728722104726,False,True,515951549.0,9.89e-06,196483398
1728722104726,False,True,91001011.0,9.89e-06,196483399
1728722104726,False,True,10410631.0,9.89e-06,196483400
1728722104726,False,True,44860000.0,9.89e-06,196483401
1728722104726,False,True,190000.0,9.89e-06,196483402
1728722104726,False,True,110000.0,9.89e-06,196483403
1728722104726,False,True,106281.0,9.89e-06,196483404
1728722104726,False,True,110000.0,9.89e-06,196483405
1728722104726,False,True,106281.0,9.89e-06,196483406
1728722104726,False,True,190000.0,9.89e-06,196483407
1728722104726,False,True,106281.0,9.89e-06,196483408
1728722104726,False,True,110000.0,9.89e-06,196483409
1728722104726,False,True,190000.0,9.89e-06,196483410
1728722104726,False,True,110000.0,9.89e-06,196483411
1728722104726,False,True,106281.0,9.89e-06,196483412
1728722104726,False,True,110000.0,9.89e-06,196483413
1728722104726,False,True,106281.0,9.89e-06,196483414
1728722104726,False,True,190000.0,9.89e-06,196483415
1728722104726,False,True,106281.0,9.89e-06,196483416
1728722104726,False,True,110000.0,9.89e-06,196483417
1728722104726,False,True,190000.0,9.89e-06,196483418
1728722104726,False,True,110000.0,9.89e-06,196483419
1728722104726,False,True,106281.0,9.89e-06,196483420
1728722104726,False,True,110000.0,9.89e-06,196483421
1728722104726,False,True,106281.0,9.89e-06,196483422
1728722104726,False,True,190000.0,9.89e-06,196483423
1728722104726,False,True,106281.0,9.89e-06,196483424
1728722104726,False,True,110000.0,9.89e-06,196483425
1728722104726,False,True,190000.0,9.89e-06,196483426
1728722104726,False,True,110000.0,9.89e-06,196483427
1728722104726,False,True,106281.0,9.89e-06,196483428
1728722104726,False,True,110000.0,9.89e-06,196483429
1728722104726,False,True,106281.0,9.89e-06,196483430
1728722104726,False,True,190000.0,9.89e-06,196483431
1728722104726,False,True,106281.0,9.89e-06,196483432
1728722104726,False,True,110000.0,9.89e-06,196483433
1728722104726,False,True,190000.0,9.89e-06,196483434
1728722104726,False,True,110000.0,9.89e-06,196483435
1728722104726,False,True,106281.0,9.89e-06,196483436
1728722104726,False,True,110000.0,9.89e-06,196483437
1728722104726,False,True,106281.0,9.89e-06,196483438
1728722104726,False,True,190000.0,9.89e-06,196483439
1728722104726,False,True,106281.0,9.89e-06,196483440
1728722104726,False,True,110000.0,9.89e-06,196483441
1728722104726,False,True,190000.0,9.89e-06,196483442
1728722104726,False,True,110000.0,9.89e-06,196483443
1728722104726,False,True,106281.0,9.89e-06,196483444
1728722104726,False,True,110000.0,9.89e-06,196483445
1728722104726,False,True,106281.0,9.89e-06,196483446
1728722104726,False,True,190000.0,9.89e-06,196483447
1728722104726,False,True,106281.0,9.89e-06,196483448
1728722104726,False,True,110000.0,9.89e-06,196483449
1728722104726,False,True,190000.0,9.89e-06,196483450
1728722104726,False,True,110000.0,9.89e-06,196483451
1728722104726,False,True,106281.0,9.89e-06,196483452
1728722104726,False,True,110000.0,9.89e-06,196483453
1728722104726,False,True,106281.0,9.89e-06,196483454
1728722104726,False,True,190000.0,9.89e-06,196483455
1728722104726,False,True,106281.0,9.89e-06,196483456
1728722104726,False,True,110000.0,9.89e-06,196483457
1728722104726,False,True,190000.0,9.89e-06,196483458
1728722104726,False,True,110000.0,9.89e-06,196483459
1728722104726,False,True,106281.0,9.89e-06,196483460
1728722104726,False,True,110000.0,9.89e-06,196483461
1728722104726,False,True,106281.0,9.89e-06,196483462
1728722104726,False,True,190000.0,9.89e-06,196483463
1728722104726,False,True,106281.0,9.89e-06,196483464
1728722104726,False,True,110000.0,9.89e-06,196483465
1728722104726,False,True,190000.0,9.89e-06,196483466
1728722104726,False,True,110000.0,9.89e-06,196483467
1728722104726,False,True,106281.0,9.89e-06,196483468
1728722104726,False,True,110000.0,9.89e-06,196483469
1728722104726,False,True,106281.0,9.89e-06,196483470
1728722104726,False,True,190000.0,9.89e-06,196483471
1728722104726,False,True,106281.0,9.89e-06,196483472
1728722104726,False,True,110000.0,9.89e-06,196483473
1728722104726,False,True,190000.0,9.89e-06,196483474
1728722104726,False,True,110000.0,9.89e-06,196483475
1728722104726,False,True,106281.0,9.89e-06,196483476
1728722104726,False,True,110000.0,9.89e-06,196483477
1728722104726,False,True,106281.0,9.89e-06,196483478
1728722104726,False,True,190000.0,9.89e-06,196483479
1728722104726,False,True,106281.0,9.89e-06,196483480
1728722104726,False,True,110000.0,9.89e-06,196483481
1728722113607,True,False,50556117.0,9.89e-06,196483482
1728722114941,True,False,905891.0,9.89e-06,196483483
1728722115217,True,False,12224509.0,9.89e-06,196483484
1728722117509,True,False,522112.0,9.89e-06,196483485
1728722117708,True,False,1652295.0,9.89e-06,196483486
1728722119065,False,True,10686462.0,9.9e-06,196483487
1728722119675,False,True,5038308.0,9.9e-06,196483488
1728722119818,True,False,607517.0,9.89e-06,196483489
1728722120396,True,False,28440181.0,9.89e-06,196483490
1728722121304,True,False,11294168.0,9.89e-06,196483491
1728722121304,True,False,6656959.0,9.89e-06,196483492
1728722121304,True,False,15258428.0,9.89e-06,196483493
1728722121304,True,False,22820482.0,9.89e-06,196483494
1728722121304,True,False,190000.0,9.89e-06,196483495
1728722121304,True,False,110000.0,9.89e-06,196483496
1728722121304,True,False,190000.0,9.89e-06,196483497
1728722121304,True,False,1139684.0,9.89e-06,196483498
1728722121304,True,False,190000.0,9.89e-06,196483499
1728722121304,True,False,110000.0,9.89e-06,196483500
1728722121304,True,False,190000.0,9.89e-06,196483501
1728722121304,True,False,190000.0,9.89e-06,196483502
1728722121304,True,False,110000.0,9.89e-06,196483503
1728722121304,True,False,190000.0,9.89e-06,196483504
1728722121304,True,False,190000.0,9.89e-06,196483505
1728722121304,True,False,110000.0,9.89e-06,196483506
1728722121304,True,False,190000.0,9.89e-06,196483507
1728722121304,True,False,190000.0,9.89e-06,196483508
1728722121304,True,False,110000.0,9.89e-06,196483509
1728722121304,True,False,190000.0,9.89e-06,196483510
1728722121304,True,False,190000.0,9.89e-06,196483511
1728722121304,True,False,110000.0,9.89e-06,196483512
1728722121304,True,False,190000.0,9.89e-06,196483513
1728722121304,True,False,190000.0,9.89e-06,196483514
1728722121304,True,False,110000.0,9.89e-06,196483515
1728722121304,True,False,190000.0,9.89e-06,196483516
1728722121304,True,False,190000.0,9.89e-06,196483517
1728722121304,True,False,110000.0,9.89e-06,196483518
1728722121304,True,False,190000.0,9.89e-06,196483519
1728722121304,True,False,190000.0,9.89e-06,196483520
1728722121304,True,False,110000.0,9.89e-06,196483521
1728722121304,True,False,190000.0,9.89e-06,196483522
1728722121304,True,False,190000.0,9.89e-06,196483523
1728722121304,True,False,110000.0,9.89e-06,196483524
1728722121304,True,False,190000.0,9.89e-06,196483525
1728722121634,False,True,2022244.0,9.89e-06,196483526
1728722125491,True,False,3773069.0,9.88e-06,196483527
1728722125578,False,True,29011000.0,9.89e-06,196483528
1728722131723,False,True,5372056.0,9.89e-06,196483529
1728722132344,False,True,1011122.0,9.89e-06,196483530
1728722132619,False,True,500500.0,9.89e-06,196483531
1728722133205,True,False,3589185.0,9.88e-06,196483532
1728722134705,False,True,4893695.0,9.89e-06,196483533
1728722137861,False,True,3817284.0,9.89e-06,196483534
1728722138168,False,True,806788.0,9.89e-06,196483535
1728722138359,False,True,500831.0,9.89e-06,196483536
1728722139142,False,True,49106372.0,9.89e-06,196483537
1728722139514,False,True,10796701.0,9.89e-06,196483538
1728722140527,False,True,10000000.0,9.89e-06,196483539
1728722141453,False,True,13332902.0,9.89e-06,196483540
1728722143728,False,True,101112234.0,9.89e-06,196483541
1728722145024,False,True,102604.0,9.89e-06,196483542
1728722145196,True,False,112295.0,9.88e-06,196483543
1728722147318,True,False,44886814.0,9.88e-06,196483544
1728722147678,True,False,114636.0,9.88e-06,196483545
1728722149227,False,True,20222446.0,9.89e-06,196483546
1728722153138,True,False,122248.0,9.88e-06,196483547
1728722153627,False,True,2044841.0,9.89e-06,196483548
1728722153933,False,True,101112234.0,9.89e-06,196483549
