Timestamp,Buy,Sell,Quantity,Price
1728471676992,False,True,0.00023,62132.01
1728471677027,False,True,0.00078,62132.01
1728471678370,True,False,0.0013,62132.0
1728471678388,False,True,0.00015,62132.01
1728471678639,False,True,0.00038,62132.01
1728471679364,True,False,0.00017,62132.0
1728471679364,True,False,0.008,62132.0
1728471679364,True,False,0.0061,62132.0
1728471679943,True,False,0.00045,62132.0
1728471681837,True,False,0.00211,62132.0
1728471682032,False,True,0.00141,62132.01
1728471682224,True,False,0.00681,62132.0
1728471682291,False,True,0.00036,62132.01
1728471684828,True,False,0.00022,62132.0
1728471685251,False,True,0.00235,62132.01
1728471685838,False,True,0.00322,62132.01
1728471685983,False,True,0.00721,62132.01
1728471685983,False,True,0.00721,62132.01
1728471685983,False,True,0.00323,62132.01
1728471685984,False,True,0.01846,62132.01
1728471685986,False,True,0.00173,62132.01
1728471686797,True,False,0.06181,62132.0
1728471686797,True,False,0.0001,62132.0
1728471686797,True,False,0.0001,62132.0
1728471686797,True,False,0.0001,62132.0
1728471686797,True,False,9e-05,62132.0
1728471686797,True,False,0.00038,62132.0
1728471686797,True,False,0.00039,62132.0
1728471686797,True,False,0.01303,62132.0
1728471687165,False,True,0.00049,62132.01
1728471687287,False,True,0.00045,62132.01
1728471687307,False,True,0.00023,62132.01
1728471687307,False,True,0.00033,62132.01
1728471687626,False,True,0.05928,62132.01
1728471687782,False,True,0.00022,62132.01
1728471687846,False,True,0.0001,62132.01
1728471688368,True,False,0.01524,62132.0
1728471688385,False,True,0.00016,62132.01
1728471688513,False,True,0.00459,62132.01
1728471688513,False,True,0.00918,62132.01
1728471688551,True,False,0.00536,62132.0
1728471688710,False,True,0.00052,62132.01
1728471690006,True,False,0.00295,62132.0
1728471690227,True,False,0.074,62132.0
1728471690367,True,False,0.01524,62132.0
1728471690550,True,False,0.00537,62132.0
1728471690605,True,False,0.01816,62132.0
1728471690725,False,True,0.0008,62132.01
1728471690805,False,True,0.05232,62132.01
1728471690861,True,False,0.00045,62132.0
1728471691197,True,False,0.00393,62132.0
1728471691368,True,False,0.01524,62132.0
1728471691550,True,False,0.00537,62132.0
1728471691560,False,True,0.11686,62132.01
1728471691560,False,True,0.12264,62132.01
1728471691669,False,True,0.00013,62132.01
1728471692019,True,False,0.01583,62132.0
1728471692264,True,False,0.01583,62132.0
1728471692330,True,False,0.01583,62132.0
1728471692605,True,False,0.01816,62132.0
1728471693132,False,True,0.00834,62132.01
1728471693153,True,False,0.00229,62132.0
1728471693153,True,False,0.02216,62132.0
1728471693153,True,False,0.0001,62132.0
1728471693153,True,False,0.0001,62132.0
1728471693153,True,False,4e-05,62132.0
1728471693153,True,False,0.00031,62132.0
1728471693153,True,False,0.01,62132.0
1728471693153,True,False,0.049,62132.0
1728471693206,True,False,0.01583,62132.0
1728471693373,True,False,0.01583,62132.0
1728471693389,True,False,0.00036,62132.0
1728471693541,True,False,0.01583,62132.0
1728471693605,True,False,0.01816,62132.0
1728471694050,True,False,0.00034,62132.0
1728471694315,True,False,0.01583,62132.0
1728471694752,True,False,0.01583,62132.0
1728471695238,False,True,0.00045,62132.01
1728471695428,True,False,0.0001,62132.0
1728471695428,True,False,0.0001,62132.0
1728471695428,True,False,0.01563,62132.0
1728471695964,True,False,0.00336,62132.0
1728471695964,True,False,0.00175,62132.0
1728471695964,True,False,6e-05,62132.0
1728471695964,True,False,0.0001,62132.0
1728471695964,True,False,0.01056,62132.0
1728471696540,True,False,0.01583,62132.0
1728471697153,False,True,0.00013,62132.01
1728471697175,True,False,0.01583,62132.0
1728471697626,False,True,0.04112,62132.01
1728471697651,True,False,0.01583,62132.0
1728471697779,True,False,0.00011,62132.0
1728471698230,False,True,0.04828,62132.01
1728471698387,True,False,0.01583,62132.0
1728471698663,False,True,0.0025,62132.01
1728471698699,True,False,0.0001,62132.0
1728471698699,True,False,0.00374,62132.0
1728471698699,True,False,0.00191,62132.0
1728471698699,True,False,0.01628,62132.0
1728471698699,True,False,0.00497,62132.0
1728471698699,True,False,0.0001,62132.0
1728471698699,True,False,0.0001,62131.99
1728471698699,True,False,0.0001,62131.99
1728471698699,True,False,0.0001,62131.98
1728471698699,True,False,0.0001,62131.98
1728471698699,True,False,0.0001,62131.97
1728471698699,True,False,0.0001,62131.97
1728471698699,True,False,0.0001,62131.96
1728471698699,True,False,0.0001,62131.96
1728471698701,True,False,0.0001,62131.65
1728471698701,True,False,0.0001,62131.65
1728471698701,True,False,0.0001,62131.59
1728471698701,True,False,9e-05,62131.59
1728471698701,True,False,0.0001,62131.59
1728471698701,True,False,9e-05,62131.59
1728471698701,True,False,9e-05,62131.59
1728471698701,True,False,9e-05,62131.59
1728471698701,True,False,9e-05,62131.59
1728471698701,True,False,9e-05,62131.59
1728471698701,True,False,9e-05,62131.59
1728471698701,True,False,9e-05,62131.59
1728471698701,True,False,9e-05,62131.59
1728471698701,True,False,9e-05,62131.59
1728471698701,True,False,0.013,62131.58
1728471698701,True,False,0.0001,62131.58
1728471698701,True,False,0.0001,62131.58
1728471698718,True,False,0.0001,62130.95
1728471698718,False,True,0.0001,62130.96
1728471698718,False,True,0.0001,62130.96
1728471698718,False,True,0.0001,62130.96
1728471698719,False,True,0.0001,62130.96
1728471698762,True,False,0.0001,62130.95
1728471698762,True,False,0.0001,62130.95
1728471698762,True,False,0.0001,62130.94
1728471698762,True,False,9e-05,62130.94
1728471698762,True,False,9e-05,62130.94
1728471698762,True,False,0.0001,62130.94
1728471698762,True,False,9e-05,62130.94
1728471698762,True,False,9e-05,62130.94
1728471698762,True,False,9e-05,62130.94
1728471698762,True,False,9e-05,62130.94
1728471698762,True,False,9e-05,62130.94
1728471698762,True,False,9e-05,62130.94
1728471698762,True,False,9e-05,62130.94
1728471698762,True,False,9e-05,62130.94
1728471698762,True,False,9e-05,62130.94
1728471698762,True,False,9e-05,62130.94
1728471698762,True,False,9e-05,62130.94
1728471698762,True,False,9e-05,62130.94
1728471698762,True,False,9e-05,62130.94
1728471698762,True,False,9e-05,62130.94
1728471698762,True,False,9e-05,62130.94
1728471698762,True,False,9e-05,62130.94
1728471698762,True,False,9e-05,62130.94
1728471698762,True,False,9e-05,62130.94
1728471698762,True,False,0.01363,62130.93
1728471698768,False,True,0.0001,62130.94
1728471698768,True,False,0.0001,62130.93
1728471698768,False,True,0.0001,62130.94
1728471698850,False,True,0.00032,62130.94
1728471698950,True,False,0.00374,62130.93
1728471699938,True,False,0.00012,62130.93
1728471699938,True,False,0.00497,62130.93
1728471700239,True,False,0.00124,62130.93
1728471700775,True,False,0.00012,62130.93
1728471701076,True,False,0.00045,62130.93
1728471701271,True,False,0.1254,62130.93
1728471701271,True,False,0.01118,62130.93
1728471701271,True,False,0.0001,62130.93
1728471701271,True,False,0.0001,62130.93
1728471701271,True,False,0.00018,62130.93
1728471701271,True,False,0.0001,62130.93
1728471701271,True,False,0.00666,62130.92
1728471701271,True,False,0.00016,62130.92
1728471701271,True,False,0.00048,62130.92
1728471701271,True,False,0.00048,62130.92
1728471701271,True,False,0.00048,62130.92
1728471701271,True,False,0.0001,62130.92
1728471701271,True,False,0.0001,62130.92
1728471701271,True,False,0.0001,62130.89
1728471701271,True,False,0.00126,62130.89
1728471701271,True,False,0.00031,62130.89
1728471701271,True,False,0.00171,62130.89
1728471701271,True,False,0.0001,62130.89
1728471701271,True,False,0.0001,62130.5
1728471701271,True,False,0.0001,62130.5
1728471701271,True,False,0.0001,62130.01
1728471701271,True,False,9e-05,62130.01
1728471701271,True,False,9e-05,62130.01
1728471701271,True,False,9e-05,62130.01
1728471701271,True,False,0.0001,62130.01
1728471701271,True,False,9e-05,62130.01
1728471701271,True,False,9e-05,62130.01
1728471701271,True,False,9e-05,62130.01
1728471701271,True,False,9e-05,62130.01
1728471701271,True,False,9e-05,62130.01
1728471701271,True,False,9e-05,62130.01
1728471701271,True,False,9e-05,62130.01
1728471701271,True,False,9e-05,62130.01
1728471701271,True,False,9e-05,62130.01
1728471701271,True,False,9e-05,62130.01
1728471701271,True,False,9e-05,62130.01
1728471701271,True,False,9e-05,62130.01
1728471701271,True,False,9e-05,62130.01
1728471701271,True,False,9e-05,62130.01
1728471701271,True,False,9e-05,62130.01
1728471701271,True,False,9e-05,62130.01
1728471701271,True,False,9e-05,62130.01
1728471701271,True,False,9e-05,62130.01
1728471701271,True,False,9e-05,62130.01
1728471701271,True,False,9e-05,62130.01
1728471701271,True,False,9e-05,62130.01
1728471701271,True,False,9e-05,62130.01
1728471701271,True,False,9e-05,62130.01
1728471701271,True,False,9e-05,62130.01
1728471701271,True,False,9e-05,62130.01
1728471701271,True,False,9e-05,62130.01
1728471701271,True,False,9e-05,62130.01
1728471701271,True,False,0.004,62130.0
1728471701271,True,False,0.0002,62130.0
1728471701271,True,False,0.0002,62130.0
1728471701271,True,False,0.006,62130.0
1728471701271,True,False,0.008,62130.0
1728471701271,True,False,0.01,62130.0
1728471701271,True,False,0.0004,62130.0
1728471701271,True,False,0.08047,62130.0
1728471701271,True,False,0.03219,62130.0
1728471701271,True,False,0.00016,62130.0
1728471701271,True,False,0.0001,62130.0
1728471701271,True,False,0.0001,62130.0
1728471701271,True,False,0.00666,62129.99
1728471701271,True,False,0.00048,62129.99
1728471701271,True,False,0.00048,62129.99
1728471701271,True,False,0.0001,62129.99
1728471701271,True,False,0.0001,62129.99
1728471701272,True,False,0.0001,62129.5
1728471701272,True,False,0.0001,62129.5
1728471701273,True,False,0.00017,62129.36
1728471701273,True,False,0.0001,62129.36
1728471701273,True,False,3e-05,62129.36
1728471701274,True,False,7e-05,62129.36
1728471701274,True,False,0.00055,62129.0
1728471701274,True,False,0.0001,62129.0
1728471701274,True,False,0.0001,62129.0
1728471701274,True,False,9e-05,62128.01
1728471701274,True,False,0.0001,62128.01
1728471701274,True,False,9e-05,62128.01
1728471701274,True,False,0.0001,62128.01
1728471701274,True,False,9e-05,62128.01
1728471701274,True,False,9e-05,62128.01
1728471701274,True,False,9e-05,62128.01
1728471701274,True,False,9e-05,62128.01
1728471701274,True,False,9e-05,62128.01
1728471701274,True,False,9e-05,62128.01
1728471701274,True,False,9e-05,62128.01
1728471701274,True,False,9e-05,62128.01
1728471701274,True,False,0.004,62128.0
1728471701274,True,False,0.0002,62128.0
1728471701274,True,False,0.0002,62128.0
1728471701274,True,False,0.008,62128.0
1728471701274,True,False,0.01,62128.0
1728471701274,True,False,0.006,62128.0
1728471701274,True,False,0.01,62127.6
1728471701282,False,True,0.0001,62126.59
1728471701282,False,True,0.0001,62126.59
1728471701282,False,True,0.0001,62126.59
1728471701283,False,True,0.0001,62126.59
1728471701283,False,True,0.0001,62126.59
1728471701283,False,True,0.0001,62126.59
1728471701283,False,True,0.0001,62126.59
1728471701283,False,True,0.0001,62126.59
1728471701283,False,True,0.0001,62126.59
1728471701286,True,False,0.0001,62126.58
1728471701287,False,True,0.0001,62126.59
1728471701356,True,False,0.00757,62126.58
1728471701356,True,False,0.0001,62126.58
1728471701356,True,False,0.00833,62126.58
1728471701861,False,True,0.00026,62126.59
1728471701898,False,True,0.0004,62126.59
1728471702857,False,True,0.00141,62126.59
1728471703500,True,False,0.0001,62126.58
1728471703500,True,False,0.0001,62126.58
1728471703500,True,False,0.00074,62126.58
1728471703674,True,False,0.00022,62126.58
1728471704013,True,False,0.01347,62126.58
1728471704404,True,False,0.00161,62126.58
1728471704404,True,False,0.00161,62126.58
1728471704530,False,True,0.00033,62126.59
1728471704835,False,True,0.00012,62126.59
1728471705200,True,False,0.076,62126.58
1728471705266,False,True,0.0006,62126.59
1728471705399,True,False,0.00076,62126.58
1728471705725,False,True,0.0048,62126.59
1728471706376,True,False,0.0003,62126.58
1728471706616,False,True,0.00022,62126.59
1728471708379,True,False,0.00317,62126.58
1728471708490,False,True,0.00043,62126.59
1728471708959,True,False,0.00253,62126.58
1728471709069,False,True,0.00171,62126.59
1728471709154,True,False,0.00024,62126.58
1728471709155,False,True,0.00024,62126.59
1728471709260,True,False,0.00024,62126.58
1728471709261,False,True,0.00024,62126.59
1728471709266,False,True,0.00025,62126.59
1728471709345,True,False,0.01764,62126.58
1728471709350,True,False,0.00039,62126.58
1728471709366,True,False,0.00024,62126.58
1728471709368,False,True,0.00024,62126.59
1728471709391,False,True,0.00042,62126.59
1728471709472,True,False,0.00024,62126.58
1728471709474,False,True,0.00024,62126.59
1728471709689,False,True,0.00034,62126.59
1728471711101,False,True,0.00017,62126.59
1728471711465,False,True,0.00033,62126.59
1728471711470,False,True,0.00085,62126.59
1728471711581,False,True,0.00031,62126.59
1728471711867,True,False,0.0217,62126.58
1728471711875,False,True,0.00019,62126.59
1728471712063,False,True,0.00017,62126.59
1728471712066,False,True,0.00039,62126.59
1728471712338,True,False,0.00018,62126.58
1728471712466,True,False,0.0006,62126.58
1728471712507,True,False,0.00022,62126.58
1728471712570,False,True,0.00046,62126.59
1728471713263,True,False,0.00097,62126.58
1728471713263,False,True,0.00085,62126.59
1728471713859,True,False,0.08167,62126.58
1728471713859,True,False,0.0001,62126.58
1728471713859,True,False,0.00366,62126.58
1728471713859,True,False,0.0001,62126.58
1728471713859,True,False,0.00757,62126.58
1728471713859,True,False,9e-05,62126.58
1728471713859,True,False,0.00017,62126.58
1728471713859,True,False,0.05173,62126.58
1728471713868,True,False,0.01097,62126.58
1728471713868,True,False,0.00051,62126.58
1728471713868,True,False,0.00171,62126.58
1728471713868,True,False,0.00367,62126.58
1728471713868,True,False,0.00058,62126.58
1728471713868,True,False,0.0001,62126.58
1728471713868,True,False,0.00366,62126.58
1728471713868,True,False,0.0001,62126.58
1728471713868,True,False,0.00041,62126.58
1728471713875,False,True,0.00032,62126.59
1728471714386,False,True,0.00018,62126.59
1728471714669,False,True,0.00073,62126.59
1728471714868,True,False,0.02171,62126.58
1728471714970,False,True,0.00024,62126.59
1728471715866,False,True,0.00028,62126.59
1728471715868,False,True,0.0023,62126.59
1728471716082,True,False,0.2,62126.58
1728471716265,True,False,0.00262,62126.58
1728471716265,True,False,0.00367,62126.58
1728471716265,True,False,0.00058,62126.58
1728471716265,True,False,0.0001,62126.58
1728471716265,True,False,0.00283,62126.58
1728471716265,True,False,0.0001,62126.58
1728471716265,True,False,9e-05,62126.58
1728471716265,True,False,0.00026,62126.58
1728471716265,True,False,0.0627,62126.58
1728471716265,True,False,0.00301,62126.58
1728471716265,True,False,0.00058,62126.58
1728471716265,True,False,6e-05,62126.58
1728471716265,True,False,0.0001,62126.58
1728471716265,True,False,9e-05,62126.58
1728471716265,True,False,0.00058,62126.58
1728471716265,True,False,9e-05,62126.58
1728471716265,True,False,0.00058,62126.58
1728471716265,True,False,9e-05,62126.58
1728471716265,True,False,0.00058,62126.58
1728471716265,True,False,9e-05,62126.58
1728471716265,True,False,0.00058,62126.58
1728471716265,True,False,9e-05,62126.58
1728471716265,True,False,0.00058,62126.58
1728471716265,True,False,1e-05,62126.58
1728471716265,True,False,0.00058,62126.58
1728471716265,True,False,0.00058,62126.58
1728471716265,True,False,0.00366,62126.57
1728471716265,True,False,0.0001,62126.57
1728471716265,True,False,0.00217,62126.57
1728471716265,True,False,0.00366,62126.57
1728471716265,True,False,0.0001,62126.57
1728471716265,True,False,0.0029,62126.57
1728471716265,True,False,0.0001,62126.54
1728471716265,True,False,0.0001,62126.54
1728471716265,True,False,0.03342,62126.53
1728471716265,True,False,0.0001,62126.53
1728471716265,True,False,0.0001,62126.53
1728471716265,True,False,0.0001,62126.5
1728471716265,True,False,0.00201,62126.5
1728471716265,True,False,0.0001,62126.5
1728471716265,True,False,0.00017,62126.26
1728471716265,True,False,0.0001,62126.26
1728471716265,True,False,0.0001,62126.26
1728471716265,True,False,0.0001,62126.01
1728471716265,True,False,9e-05,62126.01
1728471716265,True,False,0.0001,62126.01
1728471716265,True,False,9e-05,62126.01
1728471716265,True,False,9e-05,62126.01
1728471716265,True,False,9e-05,62126.01
1728471716265,True,False,9e-05,62126.01
1728471716265,True,False,9e-05,62126.01
1728471716265,True,False,9e-05,62126.01
1728471716265,True,False,9e-05,62126.01
1728471716265,True,False,9e-05,62126.01
1728471716265,True,False,9e-05,62126.01
1728471716270,True,False,0.0001,62126.0
1728471716270,False,True,0.0001,62126.01
1728471716284,False,True,0.00022,62126.01
1728471716338,True,False,0.0001,62126.0
1728471716563,False,True,0.00013,62126.01
1728471716589,False,True,0.00016,62126.01
1728471717059,False,True,0.00022,62126.01
1728471717627,True,False,0.00303,62126.0
1728471717641,True,False,0.00019,62126.0
1728471718414,True,False,0.00658,62126.0
1728471718414,True,False,0.0002,62126.0
1728471718414,True,False,0.006,62126.0
1728471718414,True,False,0.0002,62126.0
1728471718414,True,False,0.008,62126.0
1728471718414,True,False,0.004,62126.0
1728471718414,True,False,0.08048,62126.0
1728471718414,True,False,0.0001,62126.0
1728471718414,True,False,0.0001,62126.0
1728471718414,True,False,0.00163,62126.0
1728471718414,True,False,0.0001,62126.0
1728471718414,True,False,0.0001,62126.0
1728471718414,True,False,0.0001,62126.0
1728471718414,True,False,0.0001,62126.0
1728471718414,True,False,6e-05,62126.0
1728471718414,True,False,0.0021,62125.0
1728471718414,True,False,0.0001,62125.0
1728471718414,True,False,0.0001,62125.0
1728471718414,True,False,0.0001,62124.88
1728471718414,True,False,9e-05,62124.88
1728471718414,True,False,0.0001,62124.88
1728471718414,True,False,9e-05,62124.88
1728471718414,True,False,9e-05,62124.88
1728471718414,True,False,9e-05,62124.88
1728471718414,True,False,9e-05,62124.88
1728471718414,True,False,9e-05,62124.88
1728471718414,True,False,9e-05,62124.88
1728471718414,True,False,9e-05,62124.88
1728471718414,True,False,9e-05,62124.88
1728471718414,True,False,9e-05,62124.88
1728471718420,True,False,0.0001,62124.87
1728471718421,False,True,0.0001,62124.88
1728471718507,True,False,0.00706,62124.87
1728471719271,True,False,0.00051,62124.87
1728471719334,True,False,0.00022,62124.87
1728471720038,False,True,0.00185,62124.88
1728471720376,False,True,0.00033,62124.88
1728471720380,False,True,0.00033,62124.88
1728471720429,False,True,0.00289,62124.88
1728471720429,False,True,0.00217,62124.88
1728471720434,False,True,0.00022,62124.88
1728471720446,False,True,0.00033,62124.88
1728471720828,True,False,0.00112,62124.87
1728471721364,True,False,0.082,62124.87
1728471721494,False,True,0.00021,62124.88
1728471721554,False,True,0.00039,62124.88
1728471722055,False,True,0.00261,62124.88
1728471722055,False,True,0.0001,62124.88
1728471722055,False,True,0.0001,62124.88
1728471722055,False,True,0.0161,62124.88
1728471722055,False,True,0.02137,62124.88
1728471722069,False,True,0.0036,62124.88
1728471722069,False,True,0.00039,62124.88
1728471722069,False,True,0.00039,62124.88
1728471722069,False,True,0.03195,62124.88
1728471722069,False,True,0.00039,62124.88
1728471722069,False,True,0.00268,62124.88
1728471722069,False,True,0.00136,62124.88
1728471722069,False,True,0.05038,62124.88
1728471722069,False,True,0.0001,62124.88
1728471722069,False,True,0.00321,62124.88
1728471722069,False,True,0.0001,62124.89
1728471722069,False,True,0.0001,62124.89
1728471722069,False,True,0.0161,62124.9
1728471722069,False,True,0.0001,62124.9
1728471722069,False,True,0.0001,62124.9
1728471722069,False,True,0.00024,62124.92
1728471722069,False,True,0.0001,62124.92
1728471722069,False,True,0.00023,62124.92
1728471722069,False,True,0.0001,62124.92
1728471722069,False,True,0.00017,62125.36
1728471722069,False,True,0.0001,62125.36
1728471722069,False,True,0.0001,62125.36
1728471722069,False,True,0.0001,62125.97
1728471722069,False,True,0.0001,62125.97
1728471722069,False,True,0.0001,62125.98
1728471722069,False,True,0.0001,62125.98
1728471722069,False,True,0.0001,62125.99
1728471722069,False,True,9e-05,62125.99
1728471722069,False,True,0.0001,62125.99
1728471722069,False,True,9e-05,62125.99
1728471722069,False,True,9e-05,62125.99
1728471722069,False,True,9e-05,62125.99
1728471722069,False,True,9e-05,62125.99
1728471722069,False,True,9e-05,62125.99
1728471722069,False,True,9e-05,62125.99
1728471722069,False,True,9e-05,62125.99
1728471722069,False,True,9e-05,62125.99
1728471722069,False,True,9e-05,62125.99
1728471722069,False,True,0.0001,62126.0
1728471722069,False,True,0.0001,62126.0
1728471722069,False,True,0.0001,62126.01
1728471722069,False,True,0.0001,62126.01
1728471722069,False,True,9e-05,62126.05
1728471722069,False,True,9e-05,62126.05
1728471722069,False,True,9e-05,62126.05
1728471722069,False,True,9e-05,62126.05
1728471722069,False,True,9e-05,62126.05
1728471722069,False,True,5e-05,62126.05
1728471722071,False,True,0.0001,62126.01
1728471722071,False,True,0.0001,62126.01
1728471722071,False,True,4e-05,62126.05
1728471722071,False,True,9e-05,62126.05
1728471722071,False,True,9e-05,62126.05
1728471722071,False,True,9e-05,62126.05
1728471722071,False,True,9e-05,62126.05
1728471722071,False,True,0.00017,62126.25
1728471722071,False,True,0.0001,62126.59
1728471722071,False,True,9e-05,62126.59
1728471722071,False,True,0.00022,62126.59
1728471722071,False,True,0.0005,62126.59
1728471722071,False,True,0.00091,62126.59
1728471722071,False,True,3e-05,62126.59
1728471722071,False,True,0.0001,62126.59
1728471722071,False,True,0.0001,62126.59
1728471722071,False,True,6e-05,62126.59
1728471722071,False,True,0.00043,62127.0
1728471722071,False,True,9e-05,62127.99
1728471722071,False,True,9e-05,62127.99
1728471722071,False,True,1e-05,62127.99
1728471722072,False,True,8e-05,62127.99
1728471722072,False,True,9e-05,62127.99
1728471722072,False,True,9e-05,62127.99
1728471722072,False,True,9e-05,62127.99
1728471722072,False,True,9e-05,62127.99
1728471722072,False,True,9e-05,62127.99
1728471722072,False,True,9e-05,62127.99
1728471722072,False,True,9e-05,62127.99
1728471722072,False,True,0.0002,62128.0
1728471722073,False,True,0.004,62128.0
1728471722073,False,True,9e-05,62128.48
1728471722073,False,True,9e-05,62128.48
1728471722073,False,True,9e-05,62128.48
1728471722073,False,True,9e-05,62128.48
1728471722073,False,True,9e-05,62128.48
1728471722073,False,True,9e-05,62128.48
1728471722073,False,True,9e-05,62128.48
1728471722073,False,True,9e-05,62128.48
1728471722073,False,True,9e-05,62128.48
1728471722073,False,True,9e-05,62128.48
1728471722073,False,True,9e-05,62128.48
1728471722073,False,True,9e-05,62128.48
1728471722073,False,True,9e-05,62128.48
1728471722073,False,True,9e-05,62128.48
1728471722073,False,True,9e-05,62128.48
1728471722073,False,True,9e-05,62128.48
1728471722073,False,True,9e-05,62128.48
1728471722073,False,True,9e-05,62128.48
1728471722073,False,True,9e-05,62128.48
1728471722073,False,True,9e-05,62128.48
1728471722073,False,True,9e-05,62128.48
1728471722073,False,True,9e-05,62128.48
1728471722073,False,True,9e-05,62128.48
1728471722073,False,True,9e-05,62128.48
1728471722073,False,True,9e-05,62128.48
1728471722073,False,True,9e-05,62128.48
1728471722073,False,True,9e-05,62128.48
1728471722073,False,True,9e-05,62128.48
1728471722073,False,True,9e-05,62128.48
1728471722073,False,True,9e-05,62128.48
1728471722073,False,True,0.72928,62128.49
1728471722079,False,True,0.0001,62128.49
1728471722079,False,True,0.0001,62128.49
1728471722079,False,True,0.00071,62129.0
1728471722079,False,True,0.00091,62129.0
1728471722079,False,True,0.00091,62129.0
1728471722079,False,True,0.00068,62129.0
1728471722079,False,True,0.00023,62129.03
1728471722080,True,False,0.0001,62129.02
1728471722080,True,False,0.0001,62129.02
1728471722080,True,False,0.0001,62129.02
1728471722083,True,False,0.0001,62129.02
1728471722083,True,False,0.0001,62129.02
1728471722083,True,False,0.0001,62129.02
1728471722083,True,False,0.0001,62129.02
1728471722084,True,False,0.0001,62129.02
1728471722084,True,False,0.0001,62129.02
1728471722084,True,False,0.0001,62129.02
1728471722084,True,False,0.0001,62129.02
1728471722084,True,False,0.0001,62129.02
1728471722084,True,False,0.0001,62129.02
1728471722085,True,False,0.0001,62129.02
1728471722085,True,False,0.0001,62129.02
1728471722086,True,False,0.0001,62129.02
1728471722087,True,False,0.0001,62129.02
1728471722094,True,False,0.0001,62129.02
1728471722094,True,False,0.0001,62129.02
1728471722094,True,False,0.0001,62129.02
1728471722094,True,False,0.0001,62129.02
1728471722094,True,False,0.0001,62129.02
1728471722094,False,True,0.0001,62129.03
1728471722109,False,True,0.00321,62129.03
1728471722109,False,True,0.0001,62129.03
1728471722109,False,True,0.0001,62129.03
1728471722109,False,True,0.00017,62129.35
1728471722109,False,True,0.0001,62129.35
1728471722109,False,True,9e-05,62129.35
1728471722109,False,True,9e-05,62129.35
1728471722109,False,True,9e-05,62129.35
1728471722109,False,True,0.0001,62129.35
1728471722109,False,True,9e-05,62129.35
1728471722109,False,True,9e-05,62129.35
1728471722109,False,True,9e-05,62129.35
1728471722109,False,True,9e-05,62129.35
1728471722109,False,True,9e-05,62129.35
1728471722109,False,True,9e-05,62129.35
1728471722109,False,True,9e-05,62129.35
1728471722109,False,True,9e-05,62129.35
1728471722109,False,True,9e-05,62129.35
1728471722109,False,True,9e-05,62129.35
1728471722109,False,True,9e-05,62129.35
1728471722109,False,True,9e-05,62129.35
1728471722109,False,True,9e-05,62129.35
1728471722109,False,True,9e-05,62129.35
1728471722109,False,True,9e-05,62129.35
1728471722109,False,True,9e-05,62129.35
1728471722109,False,True,9e-05,62129.35
1728471722109,False,True,9e-05,62129.35
1728471722109,False,True,9e-05,62129.35
1728471722109,False,True,9e-05,62129.35
1728471722109,False,True,9e-05,62129.35
1728471722109,False,True,9e-05,62129.35
1728471722109,False,True,9e-05,62129.35
1728471722109,False,True,9e-05,62129.35
1728471722109,False,True,9e-05,62129.35
1728471722109,False,True,9e-05,62129.35
1728471722109,False,True,9e-05,62129.35
1728471722109,False,True,0.001,62129.36
1728471722109,False,True,0.0001,62129.36
1728471722109,False,True,0.0001,62129.36
1728471722109,False,True,9e-05,62129.49
1728471722109,False,True,9e-05,62129.49
1728471722109,False,True,9e-05,62129.49
1728471722109,False,True,9e-05,62129.49
1728471722109,False,True,9e-05,62129.49
1728471722109,False,True,9e-05,62129.49
1728471722109,False,True,9e-05,62129.49
1728471722109,False,True,9e-05,62129.49
1728471722109,False,True,9e-05,62129.49
1728471722109,False,True,9e-05,62129.49
1728471722109,False,True,0.0001,62129.5
1728471722109,False,True,0.00312,62129.5
1728471722109,False,True,0.0001,62129.5
1728471722109,False,True,0.0001,62129.99
1728471722109,False,True,9e-05,62129.99
1728471722109,False,True,9e-05,62129.99
1728471722109,False,True,0.0001,62129.99
1728471722109,False,True,9e-05,62129.99
1728471722109,False,True,9e-05,62129.99
1728471722109,False,True,9e-05,62129.99
1728471722109,False,True,9e-05,62129.99
1728471722109,False,True,9e-05,62129.99
1728471722109,False,True,9e-05,62129.99
1728471722109,False,True,9e-05,62129.99
1728471722109,False,True,9e-05,62129.99
1728471722109,False,True,9e-05,62129.99
1728471722109,False,True,9e-05,62129.99
1728471722109,False,True,9e-05,62129.99
1728471722109,False,True,9e-05,62129.99
1728471722109,False,True,9e-05,62129.99
1728471722109,False,True,9e-05,62129.99
1728471722109,False,True,9e-05,62129.99
1728471722109,False,True,9e-05,62129.99
1728471722109,False,True,9e-05,62129.99
1728471722109,False,True,9e-05,62129.99
1728471722109,False,True,0.0002,62130.0
1728471722109,False,True,0.0002,62130.0
1728471722109,False,True,0.004,62130.0
1728471722109,False,True,0.006,62130.0
1728471722109,False,True,0.008,62130.0
1728471722109,False,True,0.01,62130.0
1728471722109,False,True,0.0001,62130.0
1728471722109,False,True,0.0001,62130.0
1728471722109,False,True,0.0001,62130.2
1728471722109,False,True,0.0001,62130.2
1728471722109,False,True,9e-05,62130.6
1728471722109,False,True,0.0001,62130.6
1728471722109,False,True,9e-05,62130.6
1728471722109,False,True,0.0001,62130.6
1728471722109,False,True,9e-05,62130.6
1728471722109,False,True,9e-05,62130.6
1728471722109,False,True,9e-05,62130.6
1728471722109,False,True,9e-05,62130.6
1728471722109,False,True,9e-05,62130.6
1728471722109,False,True,9e-05,62130.6
1728471722109,False,True,9e-05,62130.6
1728471722109,False,True,9e-05,62130.6
1728471722109,False,True,0.04239,62130.61
1728471722109,False,True,0.0001,62130.61
1728471722109,False,True,0.0001,62130.61
1728471722109,False,True,0.0001,62130.77
1728471722109,False,True,0.0001,62130.77
1728471722109,False,True,0.01609,62130.93
1728471722109,False,True,0.00289,62130.94
1728471722109,False,True,0.0001,62131.38
1728471722109,False,True,0.0001,62131.38
1728471722109,False,True,0.00017,62131.58
1728471722109,False,True,9e-05,62131.99
1728471722109,False,True,9e-05,62131.99
1728471722109,False,True,9e-05,62131.99
1728471722109,False,True,9e-05,62131.99
1728471722109,False,True,9e-05,62131.99
1728471722109,False,True,9e-05,62131.99
1728471722109,False,True,9e-05,62131.99
1728471722109,False,True,9e-05,62131.99
1728471722109,False,True,9e-05,62131.99
1728471722109,False,True,9e-05,62131.99
1728471722109,False,True,0.0002,62132.0
1728471722109,False,True,0.0002,62132.0
1728471722109,False,True,0.004,62132.0
1728471722109,False,True,0.006,62132.0
1728471722109,False,True,0.008,62132.0
1728471722109,False,True,0.01,62132.0
1728471722109,False,True,0.001,62132.08
1728471722109,False,True,0.0002,62132.32
1728471722109,False,True,0.00017,62132.46
1728471722111,False,True,0.00091,62133.24
1728471722114,False,True,9e-05,62133.24
1728471722114,False,True,9e-05,62133.24
1728471722114,False,True,9e-05,62133.24
1728471722114,False,True,9e-05,62133.24
1728471722114,False,True,9e-05,62133.24
1728471722114,False,True,9e-05,62133.24
1728471722114,False,True,9e-05,62133.24
1728471722114,False,True,9e-05,62133.24
1728471722114,False,True,9e-05,62133.24
1728471722114,False,True,9e-05,62133.24
1728471722114,False,True,1e-05,62133.66
1728471722117,True,False,0.0001,62133.65
1728471722117,True,False,0.0001,62133.65
1728471722117,True,False,0.0001,62133.65
1728471722117,True,False,0.0001,62133.65
1728471722117,False,True,0.00036,62133.66
1728471722117,False,True,0.0001,62133.66
1728471722117,False,True,0.0001,62133.66
1728471722117,False,True,0.0001,62133.76
1728471722117,False,True,0.0001,62133.76
1728471722117,False,True,0.00015,62133.77
1728471722118,True,False,0.0001,62133.76
1728471722118,True,False,0.0001,62133.76
1728471722120,True,False,0.0001,62133.76
1728471722120,True,False,0.0001,62133.76
1728471722120,True,False,0.026,62133.76
1728471722121,True,False,0.0001,62133.76
1728471722121,True,False,0.0001,62133.76
1728471722122,True,False,0.0001,62133.76
1728471722123,True,False,0.0001,62133.76
1728471722123,True,False,0.0001,62133.76
1728471722125,True,False,0.0001,62133.76
1728471722125,True,False,0.0001,62133.76
1728471722126,False,True,0.0001,62133.77
1728471722139,False,True,0.0001,62133.77
1728471722139,False,True,0.0001,62133.77
1728471722139,False,True,0.0001,62133.77
1728471722139,False,True,0.0001,62133.99
1728471722139,False,True,9e-05,62133.99
1728471722139,False,True,9e-05,62133.99
1728471722139,False,True,9e-05,62133.99
1728471722139,False,True,0.0001,62133.99
1728471722139,False,True,9e-05,62133.99
1728471722139,False,True,9e-05,62133.99
1728471722139,False,True,9e-05,62133.99
1728471722139,False,True,9e-05,62133.99
1728471722139,False,True,9e-05,62133.99
1728471722139,False,True,9e-05,62133.99
1728471722139,False,True,9e-05,62133.99
1728471722139,False,True,9e-05,62133.99
1728471722139,False,True,9e-05,62133.99
1728471722139,False,True,9e-05,62133.99
1728471722139,False,True,9e-05,62133.99
1728471722139,False,True,9e-05,62133.99
1728471722139,False,True,9e-05,62133.99
1728471722139,False,True,9e-05,62133.99
1728471722139,False,True,9e-05,62133.99
1728471722139,False,True,9e-05,62133.99
1728471722139,False,True,9e-05,62133.99
1728471722139,False,True,9e-05,62133.99
1728471722139,False,True,9e-05,62133.99
1728471722139,False,True,9e-05,62133.99
1728471722139,False,True,9e-05,62133.99
1728471722139,False,True,9e-05,62133.99
1728471722139,False,True,9e-05,62133.99
1728471722139,False,True,9e-05,62133.99
1728471722139,False,True,9e-05,62133.99
1728471722139,False,True,9e-05,62133.99
1728471722139,False,True,9e-05,62133.99
1728471722139,False,True,0.004,62134.0
1728471722139,False,True,0.0002,62134.0
1728471722139,False,True,0.0002,62134.0
1728471722139,False,True,0.01,62134.0
1728471722139,False,True,0.006,62134.0
1728471722139,False,True,0.008,62134.0
1728471722139,False,True,0.0001,62134.0
1728471722139,False,True,0.0001,62134.0
1728471722139,False,True,0.00321,62134.01
1728471722139,False,True,0.0001,62134.01
1728471722139,False,True,0.0001,62134.01
1728471722139,False,True,0.00013,62134.22
1728471722139,False,True,0.0001,62134.22
1728471722139,False,True,0.0001,62134.22
1728471722139,False,True,9e-05,62135.0
1728471722139,False,True,0.0001,62135.0
1728471722139,False,True,9e-05,62135.0
1728471722139,False,True,9e-05,62135.0
1728471722139,False,True,0.0001,62135.0
1728471722139,False,True,9e-05,62135.0
1728471722139,False,True,9e-05,62135.0
1728471722139,False,True,9e-05,62135.0
1728471722139,False,True,9e-05,62135.0
1728471722139,False,True,9e-05,62135.0
1728471722139,False,True,9e-05,62135.0
1728471722139,False,True,9e-05,62135.0
1728471722139,False,True,9e-05,62135.0
1728471722139,False,True,9e-05,62135.0
1728471722139,False,True,9e-05,62135.0
1728471722139,False,True,9e-05,62135.0
1728471722139,False,True,9e-05,62135.0
1728471722139,False,True,9e-05,62135.0
1728471722139,False,True,9e-05,62135.0
1728471722139,False,True,9e-05,62135.0
1728471722139,False,True,9e-05,62135.0
1728471722139,False,True,9e-05,62135.0
1728471722139,False,True,9e-05,62135.01
1728471722139,False,True,0.0001,62135.01
1728471722139,False,True,9e-05,62135.01
1728471722139,False,True,0.0001,62135.01
1728471722139,False,True,9e-05,62135.01
1728471722139,False,True,9e-05,62135.01
1728471722139,False,True,9e-05,62135.01
1728471722139,False,True,9e-05,62135.01
1728471722139,False,True,9e-05,62135.01
1728471722139,False,True,9e-05,62135.01
1728471722139,False,True,9e-05,62135.01
1728471722139,False,True,9e-05,62135.01
1728471722139,False,True,0.00164,62135.02
1728471722147,True,False,0.0001,62135.01
1728471722147,False,True,0.0001,62135.02
1728471722147,True,False,0.0001,62135.01
1728471722332,False,True,0.0001,62135.02
1728471722332,False,True,0.0001,62135.02
1728471722332,False,True,0.00046,62135.02
1728471722332,False,True,0.0001,62135.02
1728471722332,False,True,0.0001,62135.21
1728471722332,False,True,0.0001,62135.21
1728471722332,False,True,0.0001,62135.22
1728471722332,False,True,0.0001,62135.22
1728471722332,False,True,0.0001,62135.49
1728471722332,False,True,9e-05,62135.49
1728471722332,False,True,9e-05,62135.49
1728471722332,False,True,0.0001,62135.49
1728471722332,False,True,9e-05,62135.49
1728471722332,False,True,9e-05,62135.49
1728471722332,False,True,9e-05,62135.49
1728471722332,False,True,9e-05,62135.49
1728471722332,False,True,9e-05,62135.49
1728471722332,False,True,9e-05,62135.49
1728471722332,False,True,9e-05,62135.49
1728471722332,False,True,9e-05,62135.49
1728471722332,False,True,9e-05,62135.49
1728471722332,False,True,9e-05,62135.49
1728471722332,False,True,9e-05,62135.49
1728471722332,False,True,9e-05,62135.49
1728471722332,False,True,9e-05,62135.49
1728471722332,False,True,9e-05,62135.49
1728471722332,False,True,9e-05,62135.49
1728471722332,False,True,9e-05,62135.49
1728471722332,False,True,9e-05,62135.49
1728471722332,False,True,9e-05,62135.49
1728471722332,False,True,0.0001,62135.5
1728471722332,False,True,0.00414,62135.5
1728471722332,False,True,0.0001,62135.5
1728471722332,False,True,0.00017,62135.57
1728471722332,False,True,0.0001,62135.57
1728471722332,False,True,0.0001,62135.57
1728471722332,False,True,0.0001,62135.97
1728471722332,False,True,0.0001,62135.97
1728471722332,False,True,0.0001,62135.98
1728471722332,False,True,0.0001,62135.98
1728471722332,False,True,0.0001,62135.99
1728471722332,False,True,0.0001,62135.99
1728471722332,False,True,9e-05,62135.99
1728471722332,False,True,9e-05,62135.99
1728471722332,False,True,9e-05,62135.99
1728471722332,False,True,9e-05,62135.99
1728471722332,False,True,0.0001,62135.99
1728471722332,False,True,0.0001,62135.99
1728471722332,False,True,9e-05,62135.99
1728471722332,False,True,9e-05,62135.99
1728471722332,False,True,9e-05,62135.99
1728471722332,False,True,9e-05,62135.99
1728471722332,False,True,9e-05,62135.99
1728471722332,False,True,9e-05,62135.99
1728471722332,False,True,9e-05,62135.99
1728471722332,False,True,9e-05,62135.99
1728471722332,False,True,9e-05,62135.99
1728471722332,False,True,9e-05,62135.99
1728471722332,False,True,9e-05,62135.99
1728471722332,False,True,9e-05,62135.99
1728471722332,False,True,9e-05,62135.99
1728471722332,False,True,9e-05,62135.99
1728471722332,False,True,9e-05,62135.99
1728471722332,False,True,9e-05,62135.99
1728471722332,False,True,9e-05,62135.99
1728471722332,False,True,9e-05,62135.99
1728471722332,False,True,9e-05,62135.99
1728471722332,False,True,9e-05,62135.99
1728471722332,False,True,9e-05,62135.99
1728471722332,False,True,9e-05,62135.99
1728471722332,False,True,9e-05,62135.99
1728471722332,False,True,9e-05,62135.99
1728471722332,False,True,9e-05,62135.99
1728471722332,False,True,9e-05,62135.99
1728471722332,False,True,9e-05,62135.99
1728471722332,False,True,9e-05,62135.99
1728471722332,False,True,9e-05,62135.99
1728471722332,False,True,9e-05,62135.99
1728471722332,False,True,9e-05,62135.99
1728471722332,False,True,9e-05,62135.99
1728471722332,False,True,9e-05,62135.99
1728471722332,False,True,9e-05,62135.99
1728471722332,False,True,9e-05,62135.99
1728471722332,False,True,9e-05,62135.99
1728471722332,False,True,0.0002,62136.0
1728471722332,False,True,0.0002,62136.0
1728471722332,False,True,0.01,62136.0
1728471722332,False,True,0.00631,62136.0
1728471722339,False,True,0.0001,62136.0
1728471722339,True,False,0.0001,62135.99
1728471722339,True,False,0.0001,62135.99
1728471722592,True,False,0.01583,62135.99
1728471722709,True,False,0.00106,62135.99
1728471722944,False,True,0.00159,62136.0
1728471722944,False,True,0.00026,62136.0
1728471722944,False,True,0.0002,62136.0
1728471723016,True,False,9e-05,62135.99
1728471723251,True,False,0.084,62135.99
1728471723681,False,True,8e-05,62136.0
1728471723862,True,False,0.00021,62135.99
1728471723917,False,True,0.00346,62136.0
1728471723917,False,True,0.00047,62136.0
1728471723917,False,True,0.0001,62136.0
1728471723917,False,True,0.00259,62136.0
1728471723919,False,True,0.00091,62136.0
1728471723919,False,True,0.00091,62136.0
1728471723919,False,True,0.00091,62136.0
1728471723919,False,True,0.00091,62136.0
1728471723919,False,True,0.00091,62136.0
1728471723919,False,True,0.00091,62136.0
1728471723919,False,True,0.00091,62136.0
1728471723919,False,True,0.00091,62136.0
1728471723919,False,True,0.00091,62136.0
1728471723919,False,True,0.00091,62136.0
1728471723919,False,True,0.00031,62136.0
1728471723919,False,True,0.0001,62136.0
1728471723919,False,True,0.0005,62136.0
1728471723919,False,True,0.00091,62136.0
1728471723919,False,True,0.00091,62136.0
1728471723919,False,True,0.00018,62136.0
1728471723919,False,True,0.0001,62136.0
1728471723919,False,True,0.00063,62136.0
1728471723919,False,True,0.00048,62136.0
1728471723919,False,True,0.0001,62136.0
1728471723919,False,True,0.0001,62136.0
1728471723919,False,True,0.0001,62136.0
1728471723919,False,True,6e-05,62136.0
1728471723919,False,True,7e-05,62137.23
1728471723919,False,True,3e-05,62137.23
1728471723919,False,True,0.0001,62137.23
1728471723919,False,True,0.0001,62137.24
1728471723919,False,True,0.0001,62137.24
1728471723919,False,True,0.0001,62137.8
1728471723919,False,True,0.0001,62137.8
1728471723919,False,True,0.0001,62137.96
1728471723919,False,True,0.0001,62137.96
1728471723919,False,True,0.0001,62137.97
1728471723919,False,True,8e-05,62137.97
1728471723924,False,True,2e-05,62137.97
1728471723924,False,True,0.00089,62137.97
1728471723924,False,True,0.00091,62137.97
1728471723924,False,True,0.00091,62137.97
1728471723924,False,True,0.00091,62137.97
1728471723924,False,True,0.00091,62137.97
1728471723924,False,True,0.00091,62137.97
1728471723924,False,True,0.00091,62137.97
1728471723924,False,True,0.00091,62137.97
1728471723924,False,True,0.00091,62137.97
1728471723924,False,True,0.00091,62137.97
1728471723924,False,True,0.00091,62137.97
1728471723924,False,True,0.00091,62137.97
1728471723924,False,True,0.00091,62137.97
1728471723924,False,True,0.00091,62137.97
1728471723924,False,True,0.00091,62137.97
1728471723924,False,True,0.00091,62137.97
1728471723924,False,True,0.00091,62137.97
1728471723924,False,True,0.00091,62137.97
1728471723924,False,True,0.00091,62137.97
1728471723924,False,True,0.00091,62137.97
1728471723924,False,True,0.00091,62137.97
1728471723924,False,True,0.00091,62137.97
1728471723924,False,True,0.00091,62137.97
1728471723925,True,False,0.0001,62137.96
1728471723925,True,False,0.0001,62137.96
1728471723925,True,False,0.0001,62137.96
1728471723925,True,False,0.0001,62137.96
1728471723925,False,True,0.0001,62137.97
1728471724134,False,True,0.0001,62137.97
1728471724134,False,True,4e-05,62137.97
1728471724322,False,True,0.0001,62137.97
1728471724322,False,True,0.0001,62137.97
1728471724322,False,True,0.0001,62137.98
1728471724322,False,True,0.0001,62137.98
1728471724322,False,True,0.0001,62137.98
1728471724322,False,True,0.0001,62137.98
1728471724322,False,True,0.0001,62137.98
1728471724322,False,True,6e-05,62137.98
1728471724322,False,True,0.0001,62137.99
1728471724322,False,True,5e-05,62137.99
1728471724328,True,False,0.0001,62137.98
1728471724328,True,False,0.0001,62137.98
1728471724328,False,True,0.0001,62137.99
1728471724332,False,True,0.0001,62137.99
1728471724332,False,True,0.0001,62137.99
1728471724332,False,True,9e-05,62137.99
1728471724332,False,True,9e-05,62137.99
1728471724332,False,True,9e-05,62137.99
1728471724332,False,True,0.0001,62137.99
1728471724332,False,True,9e-05,62137.99
1728471724332,False,True,0.0001,62137.99
1728471724332,False,True,9e-05,62137.99
1728471724332,False,True,9e-05,62137.99
1728471724332,False,True,9e-05,62137.99
1728471724332,False,True,0.0001,62137.99
1728471724332,False,True,9e-05,62137.99
1728471724332,False,True,0.0001,62137.99
1728471724332,False,True,9e-05,62137.99
1728471724332,False,True,9e-05,62137.99
1728471724332,False,True,9e-05,62137.99
1728471724332,False,True,9e-05,62137.99
1728471724332,False,True,6e-05,62137.99
1728471724332,False,True,9e-05,62137.99
1728471724332,False,True,9e-05,62137.99
1728471724332,False,True,9e-05,62137.99
1728471724332,False,True,9e-05,62137.99
1728471724332,False,True,9e-05,62137.99
1728471724332,False,True,9e-05,62137.99
1728471724332,False,True,9e-05,62137.99
1728471724332,False,True,9e-05,62137.99
1728471724332,False,True,9e-05,62137.99
1728471724332,False,True,9e-05,62137.99
1728471724332,False,True,9e-05,62137.99
1728471724332,False,True,9e-05,62137.99
1728471724332,False,True,9e-05,62137.99
1728471724332,False,True,9e-05,62137.99
1728471724332,False,True,9e-05,62137.99
1728471724332,False,True,9e-05,62137.99
1728471724332,False,True,9e-05,62137.99
1728471724332,False,True,9e-05,62137.99
1728471724332,False,True,9e-05,62137.99
1728471724332,False,True,9e-05,62137.99
1728471724332,False,True,9e-05,62137.99
1728471724332,False,True,9e-05,62137.99
1728471724332,False,True,9e-05,62137.99
1728471724332,False,True,9e-05,62137.99
1728471724332,False,True,9e-05,62137.99
1728471724332,False,True,9e-05,62137.99
1728471724332,False,True,9e-05,62137.99
1728471724332,False,True,9e-05,62137.99
1728471724332,False,True,0.006,62138.0
1728471724332,False,True,0.0002,62138.0
1728471724332,False,True,0.01,62138.0
1728471724332,False,True,0.004,62138.0
1728471724332,False,True,0.0001,62138.0
1728471724332,False,True,0.00375,62138.0
1728471724332,False,True,0.0004,62138.0
1728471724332,False,True,0.00028,62138.0
1728471724337,True,False,0.0001,62137.99
1728471724337,False,True,0.0001,62138.0
1728471724462,True,False,0.00305,62137.99
1728471724467,False,True,0.00016,62138.0
1728471724505,False,True,0.00856,62138.0
1728471724522,False,True,0.00245,62138.0
1728471724599,False,True,0.00445,62138.0
1728471724599,False,True,0.0001,62138.0
1728471724599,False,True,0.0001,62138.0
1728471724599,False,True,0.0098,62138.0
1728471724599,False,True,0.0001,62138.0
1728471724599,False,True,0.00156,62138.0
1728471724604,False,True,0.0001,62138.67
1728471724604,True,False,0.0001,62138.66
1728471724604,True,False,0.0001,62138.66
1728471724606,False,True,7e-05,62138.67
1728471724606,False,True,0.0001,62138.67
1728471724606,False,True,0.0001,62138.67
1728471724606,False,True,0.0001,62138.67
1728471724606,False,True,0.0001,62138.9
1728471724606,False,True,0.0001,62138.9
1728471724606,False,True,0.00034,62139.0
1728471724606,False,True,0.00091,62139.0
1728471724606,False,True,0.00078,62139.0
1728471724606,False,True,0.0001,62139.36
1728471724606,False,True,3e-05,62139.36
1728471724606,False,True,7e-05,62139.36
1728471724606,False,True,0.0001,62139.37
1728471724606,False,True,0.0001,62139.37
1728471724606,False,True,0.0001,62139.99
1728471724606,False,True,9e-05,62139.99
1728471724606,False,True,9e-05,62139.99
1728471724606,False,True,9e-05,62139.99
1728471724606,False,True,9e-05,62139.99
1728471724606,False,True,0.0001,62139.99
1728471724606,False,True,8e-05,62139.99
1728471724606,False,True,1e-05,62139.99
1728471724606,False,True,9e-05,62139.99
1728471724606,False,True,9e-05,62139.99
1728471724606,False,True,9e-05,62139.99
1728471724606,False,True,9e-05,62139.99
1728471724606,False,True,9e-05,62139.99
1728471724606,False,True,9e-05,62139.99
1728471724606,False,True,9e-05,62139.99
1728471724606,False,True,9e-05,62139.99
1728471724606,False,True,9e-05,62139.99
1728471724606,False,True,9e-05,62139.99
1728471724606,False,True,9e-05,62139.99
1728471724606,False,True,9e-05,62139.99
1728471724606,False,True,9e-05,62139.99
1728471724606,False,True,9e-05,62139.99
1728471724606,False,True,9e-05,62139.99
1728471724606,False,True,9e-05,62139.99
1728471724606,False,True,9e-05,62139.99
1728471724606,False,True,9e-05,62139.99
1728471724606,False,True,9e-05,62139.99
1728471724606,False,True,9e-05,62139.99
1728471724606,False,True,1e-05,62139.99
1728471724606,False,True,8e-05,62139.99
1728471724606,False,True,9e-05,62139.99
1728471724606,False,True,9e-05,62139.99
1728471724606,False,True,9e-05,62139.99
1728471724606,False,True,9e-05,62139.99
1728471724606,False,True,9e-05,62139.99
1728471724606,False,True,9e-05,62139.99
1728471724606,False,True,9e-05,62139.99
1728471724606,False,True,9e-05,62139.99
1728471724606,False,True,9e-05,62139.99
1728471724606,False,True,2e-05,62139.99
1728471724606,False,True,7e-05,62139.99
1728471724606,False,True,9e-05,62139.99
1728471724606,False,True,9e-05,62139.99
1728471724606,False,True,9e-05,62139.99
1728471724606,False,True,9e-05,62139.99
1728471724606,False,True,0.0002,62140.0
1728471724606,False,True,0.00028,62140.0
1728471724614,True,False,0.0001,62139.99
1728471724614,True,False,0.0001,62139.99
1728471724615,True,False,0.0001,62139.99
1728471724615,True,False,0.0001,62139.99
1728471724615,False,True,0.0001,62140.0
1728471724615,True,False,0.0001,62139.99
1728471724615,True,False,0.0001,62139.99
1728471724668,False,True,0.00173,62140.0
1728471724722,False,True,0.00189,62140.0
1728471724722,False,True,0.006,62140.0
1728471724722,False,True,0.0002,62140.0
1728471724722,False,True,0.01,62140.0
1728471724722,False,True,0.008,62140.0
1728471724722,False,True,0.0001,62140.0
1728471724722,False,True,0.0001,62140.0
1728471724722,False,True,0.00226,62140.0
1728471724722,False,True,0.0001,62140.0
1728471724722,False,True,0.0001,62140.26
1728471724722,False,True,0.0001,62140.26
1728471724726,False,True,9e-05,62140.38
1728471724726,False,True,0.0001,62140.38
1728471724726,False,True,0.0001,62140.38
1728471724726,False,True,0.0001,62140.38
1728471724726,False,True,0.0001,62140.5
1728471724726,False,True,9e-05,62140.5
1728471724726,False,True,9e-05,62140.5
1728471724726,False,True,0.00176,62140.5
1728471724726,False,True,0.0001,62140.5
1728471724726,False,True,9e-05,62140.5
1728471724726,False,True,9e-05,62140.5
1728471724726,False,True,9e-05,62140.5
1728471724726,False,True,9e-05,62140.5
1728471724726,False,True,9e-05,62140.5
1728471724726,False,True,9e-05,62140.5
1728471724726,False,True,9e-05,62140.5
1728471724726,False,True,9e-05,62140.5
1728471724726,False,True,9e-05,62140.5
1728471724726,False,True,9e-05,62140.5
1728471724726,False,True,9e-05,62140.5
1728471724726,False,True,9e-05,62140.5
1728471724726,False,True,9e-05,62140.5
1728471724726,False,True,9e-05,62140.5
1728471724726,False,True,9e-05,62140.5
1728471724726,False,True,9e-05,62140.5
1728471724726,False,True,9e-05,62140.5
1728471724726,False,True,9e-05,62140.5
1728471724726,False,True,0.001,62140.51
1728471724726,False,True,0.0001,62140.51
1728471724726,False,True,0.0001,62140.51
1728471724728,False,True,0.0001,62141.78
1728471724728,True,False,0.0001,62141.77
1728471724728,True,False,0.0001,62141.77
1728471724732,True,False,0.0001,62141.77
1728471724732,True,False,0.0001,62141.77
1728471724732,False,True,7e-05,62141.78
1728471724732,False,True,3e-05,62141.78
1728471724742,False,True,7e-05,62141.78
1728471724742,False,True,0.0001,62141.78
1728471724742,False,True,0.0001,62141.78
1728471724746,False,True,0.0001,62141.99
1728471724746,False,True,9e-05,62141.99
1728471724746,False,True,9e-05,62141.99
1728471724746,False,True,9e-05,62141.99
1728471724746,False,True,9e-05,62141.99
1728471724746,False,True,0.0001,62141.99
1728471724746,False,True,0.0001,62141.99
1728471724746,False,True,9e-05,62141.99
1728471724746,False,True,9e-05,62141.99
1728471724746,False,True,9e-05,62141.99
1728471724746,False,True,9e-05,62141.99
1728471724746,False,True,9e-05,62141.99
1728471724746,False,True,9e-05,62141.99
1728471724746,False,True,9e-05,62141.99
1728471724746,False,True,9e-05,62141.99
1728471724746,False,True,9e-05,62141.99
1728471724746,False,True,9e-05,62141.99
1728471724746,False,True,9e-05,62141.99
1728471724746,False,True,9e-05,62141.99
1728471724746,False,True,9e-05,62141.99
1728471724746,False,True,9e-05,62141.99
1728471724746,False,True,9e-05,62141.99
1728471724746,False,True,9e-05,62141.99
1728471724746,False,True,9e-05,62141.99
1728471724746,False,True,9e-05,62141.99
1728471724746,False,True,9e-05,62141.99
1728471724746,False,True,9e-05,62141.99
1728471724746,False,True,9e-05,62141.99
1728471724746,False,True,9e-05,62141.99
1728471724746,False,True,9e-05,62141.99
1728471724746,False,True,9e-05,62141.99
1728471724746,False,True,9e-05,62141.99
1728471724746,False,True,9e-05,62141.99
1728471724746,False,True,9e-05,62141.99
1728471724746,False,True,9e-05,62141.99
1728471724746,False,True,9e-05,62141.99
1728471724746,False,True,9e-05,62141.99
1728471724746,False,True,9e-05,62141.99
1728471724746,False,True,9e-05,62141.99
1728471724746,False,True,9e-05,62141.99
1728471724746,False,True,9e-05,62141.99
1728471724746,False,True,9e-05,62141.99
1728471724746,False,True,9e-05,62141.99
1728471724746,False,True,0.0002,62142.0
1728471724746,False,True,0.004,62142.0
1728471724746,False,True,0.006,62142.0
1728471724746,False,True,0.0002,62142.0
1728471724746,False,True,0.01,62142.0
1728471724746,False,True,0.008,62142.0
1728471724746,False,True,0.0001,62142.0
1728471724746,False,True,0.00275,62142.0
1728471724746,False,True,0.0001,62142.0
1728471724748,True,False,0.0001,62142.49
1728471724748,True,False,0.0001,62142.49
1728471724749,False,True,0.0001,62142.5
1728471724752,True,False,0.0001,62142.49
1728471724753,True,False,0.0001,62142.49
1728471724753,False,True,0.0001,62142.5
1728471724756,False,True,0.0001,62142.5
1728471724756,False,True,0.00081,62142.5
1728471724756,False,True,0.00091,62142.5
1728471724756,False,True,0.00028,62142.5
1728471724756,False,True,0.0001,62143.98
1728471724756,False,True,0.0001,62143.98
1728471724756,False,True,0.0001,62143.99
1728471724756,False,True,9e-05,62143.99
1728471724756,False,True,0.0001,62143.99
1728471724756,False,True,9e-05,62143.99
1728471724756,False,True,5e-05,62143.99
1728471724756,False,True,4e-05,62143.99
1728471724756,False,True,9e-05,62143.99
1728471724756,False,True,9e-05,62143.99
1728471724756,False,True,9e-05,62143.99
1728471724756,False,True,9e-05,62143.99
1728471724756,False,True,9e-05,62143.99
1728471724756,False,True,9e-05,62143.99
1728471724756,False,True,9e-05,62143.99
1728471724756,False,True,0.00024,62144.0
1728471724762,True,False,0.0001,62143.99
1728471724762,True,False,0.0001,62143.99
1728471724763,False,True,0.0001,62144.0
1728471724763,True,False,0.0001,62143.99
1728471724780,False,True,0.00366,62144.0
1728471724780,False,True,0.006,62144.0
1728471724780,False,True,0.01,62144.0
1728471724780,False,True,0.0002,62144.0
1728471724780,False,True,0.008,62144.0
1728471724780,False,True,0.0002,62144.0
1728471724780,False,True,0.0001,62144.0
1728471724780,False,True,0.0001,62144.0
1728471724780,False,True,0.00288,62144.0
1728471724780,False,True,0.0001,62144.0
1728471724780,False,True,0.0001,62144.02
1728471724780,False,True,0.0001,62144.02
1728471724780,False,True,0.0001,62144.19
1728471724780,False,True,0.0001,62144.19
1728471724780,False,True,0.00017,62144.89
1728471724780,False,True,0.0001,62144.89
1728471724780,False,True,0.0001,62144.89
1728471724785,False,True,0.0001,62145.17
1728471724787,True,False,0.0001,62145.16
1728471724791,False,True,0.0001,62145.17
1728471724791,False,True,0.0001,62145.17
1728471724791,False,True,0.0001,62145.18
1728471724791,False,True,0.0001,62145.18
1728471724791,False,True,0.0001,62145.32
1728471724791,False,True,0.0001,62145.32
1728471724791,False,True,0.00031,62145.5
1728471724791,False,True,0.00091,62145.5
1728471724791,False,True,0.00091,62145.5
1728471724791,False,True,0.00091,62145.5
1728471724791,False,True,0.00027,62145.5
1728471724791,False,True,0.0001,62145.5
1728471724791,False,True,0.0001,62145.5
1728471724791,False,True,0.0001,62145.99
1728471724791,False,True,9e-05,62145.99
1728471724791,False,True,9e-05,62145.99
1728471724791,False,True,9e-05,62145.99
1728471724791,False,True,7e-05,62145.99
1728471724791,False,True,2e-05,62145.99
1728471724791,False,True,9e-05,62145.99
1728471724791,False,True,0.0001,62145.99
1728471724791,False,True,9e-05,62145.99
1728471724791,False,True,9e-05,62145.99
1728471724791,False,True,9e-05,62145.99
1728471724791,False,True,9e-05,62145.99
1728471724791,False,True,9e-05,62145.99
1728471724791,False,True,9e-05,62145.99
1728471724791,False,True,9e-05,62145.99
1728471724791,False,True,7e-05,62145.99
1728471724791,False,True,2e-05,62145.99
1728471724791,False,True,9e-05,62145.99
1728471724791,False,True,9e-05,62145.99
1728471724791,False,True,9e-05,62145.99
1728471724791,False,True,9e-05,62145.99
1728471724791,False,True,9e-05,62145.99
1728471724791,False,True,9e-05,62145.99
1728471724791,False,True,9e-05,62145.99
1728471724791,False,True,9e-05,62145.99
1728471724791,False,True,9e-05,62145.99
1728471724791,False,True,8e-05,62145.99
1728471724791,False,True,1e-05,62145.99
1728471724791,False,True,9e-05,62145.99
1728471724791,False,True,9e-05,62145.99
1728471724791,False,True,9e-05,62145.99
1728471724791,False,True,9e-05,62145.99
1728471724791,False,True,9e-05,62145.99
1728471724791,False,True,9e-05,62145.99
1728471724791,False,True,9e-05,62145.99
1728471724791,False,True,9e-05,62145.99
1728471724791,False,True,9e-05,62145.99
1728471724791,False,True,9e-05,62145.99
1728471724791,False,True,9e-05,62145.99
1728471724791,False,True,9e-05,62145.99
1728471724791,False,True,9e-05,62145.99
1728471724791,False,True,9e-05,62145.99
1728471724791,False,True,9e-05,62145.99
1728471724791,False,True,9e-05,62145.99
1728471724791,False,True,9e-05,62145.99
1728471724791,False,True,9e-05,62145.99
1728471724791,False,True,9e-05,62145.99
1728471724791,False,True,9e-05,62145.99
1728471724791,False,True,1e-05,62145.99
1728471724791,False,True,8e-05,62145.99
1728471724791,False,True,9e-05,62145.99
1728471724791,False,True,9e-05,62145.99
1728471724791,False,True,9e-05,62145.99
1728471724791,False,True,9e-05,62145.99
1728471724791,False,True,9e-05,62145.99
1728471724791,False,True,9e-05,62145.99
1728471724791,False,True,0.00029,62146.0
1728471724797,True,False,0.0001,62145.99
1728471724798,True,False,0.0001,62145.99
1728471724798,True,False,0.0001,62145.99
1728471724798,True,False,0.0001,62145.99
1728471724798,True,False,0.0001,62145.99
1728471724798,False,True,0.0001,62146.0
1728471724815,False,True,0.07711,62146.0
1728471724815,False,True,0.004,62146.0
1728471724815,False,True,0.006,62146.0
1728471724815,False,True,0.01,62146.0
1728471724815,False,True,0.0002,62146.0
1728471724815,False,True,0.008,62146.0
1728471724815,False,True,0.0002,62146.0
1728471724815,False,True,0.0001,62146.0
1728471724815,False,True,0.0001,62146.0
1728471724815,False,True,0.00209,62146.0
1728471724815,False,True,0.0001,62146.0
1728471724815,False,True,0.0001,62146.64
1728471724815,False,True,0.0001,62146.64
1728471724815,False,True,9e-05,62147.13
1728471724815,False,True,0.0001,62147.13
1728471724815,False,True,9e-05,62147.13
1728471724815,False,True,0.0001,62147.13
1728471724815,False,True,9e-05,62147.13
1728471724815,False,True,9e-05,62147.13
1728471724815,False,True,9e-05,62147.13
1728471724815,False,True,9e-05,62147.13
1728471724815,False,True,9e-05,62147.13
1728471724815,False,True,9e-05,62147.13
1728471724815,False,True,9e-05,62147.13
1728471724815,False,True,9e-05,62147.13
1728471724820,True,False,0.0001,62147.13
1728471724821,False,True,0.0001,62147.14
1728471724882,False,True,0.0001,62147.14
1728471724882,False,True,0.0001,62147.14
1728471724882,False,True,0.0001,62147.14
1728471724882,False,True,0.0001,62147.14
1728471724882,False,True,0.0001,62147.14
1728471724882,False,True,0.0001,62147.14
1728471724882,False,True,0.0001,62147.49
1728471724882,False,True,0.0001,62147.49
1728471724882,False,True,0.00011,62147.5
1728471724882,False,True,0.00091,62147.5
1728471724882,False,True,0.00091,62147.5
1728471724882,False,True,0.00091,62147.5
1728471724882,False,True,8e-05,62147.5
1728471724882,False,True,0.0001,62147.5
1728471724882,False,True,0.0001,62147.5
1728471724882,False,True,0.0001,62147.98
1728471724882,False,True,9e-05,62147.98
1728471724882,False,True,0.0001,62147.98
1728471724882,False,True,9e-05,62147.98
1728471724882,False,True,9e-05,62147.98
1728471724882,False,True,9e-05,62147.98
1728471724882,False,True,7e-05,62147.98
1728471724882,False,True,2e-05,62147.98
1728471724882,False,True,9e-05,62147.98
1728471724882,False,True,9e-05,62147.98
1728471724882,False,True,9e-05,62147.98
1728471724882,False,True,9e-05,62147.98
1728471724882,False,True,9e-05,62147.98
1728471724882,False,True,0.00017,62147.99
1728471724882,False,True,0.0001,62147.99
1728471724882,False,True,0.00017,62147.99
1728471724888,True,False,0.0001,62147.98
1728471724888,True,False,0.0001,62147.98
1728471724889,True,False,0.0001,62147.98
1728471724889,True,False,0.0001,62147.98
1728471724889,True,False,0.0001,62147.98
1728471724889,False,True,9e-05,62147.99
1728471724889,False,True,1e-05,62147.99
1728471725330,False,True,8e-05,62147.99
1728471725330,False,True,9e-05,62147.99
1728471725330,False,True,0.0001,62147.99
1728471725330,False,True,0.0001,62147.99
1728471725330,False,True,9e-05,62147.99
1728471725330,False,True,0.0001,62147.99
1728471725330,False,True,0.02843,62147.99
1728471725413,False,True,0.00635,62147.99
1728471726042,True,False,0.00015,62147.98
1728471727166,False,True,0.00014,62147.99
1728471728594,False,True,0.00023,62147.99
1728471728594,False,True,0.00023,62147.99
1728471728595,False,True,0.00175,62147.99
1728471728716,True,False,0.0023,62147.98
1728471728905,False,True,0.00322,62147.99
1728471728937,True,False,0.001,62147.98
1728471729665,True,False,0.01611,62147.98
1728471730921,True,False,0.00013,62147.98
1728471730932,False,True,0.00043,62147.99
1728471731490,False,True,0.00016,62147.99
1728471731665,True,False,0.01611,62147.98
1728471732053,False,True,0.00805,62147.99
1728471732341,False,True,0.0001,62147.99
1728471732665,True,False,0.01611,62147.98
1728471733350,True,False,0.00013,62147.98
1728471733498,True,False,0.1,62147.98
1728471733586,False,True,9e-05,62147.99
1728471733586,False,True,9e-05,62147.99
1728471733586,False,True,9e-05,62147.99
1728471733586,False,True,0.0001,62147.99
1728471733586,False,True,0.0001,62147.99
1728471733586,False,True,0.01529,62147.99
1728471733586,False,True,0.05334,62147.99
1728471733844,False,True,9e-05,62147.99
1728471733844,False,True,0.01991,62147.99
1728471734014,True,False,0.00446,62147.98
1728471734089,True,False,0.00013,62147.98
1728471734868,True,False,0.00038,62147.98
1728471735181,True,False,0.05476,62147.98
1728471735181,True,False,0.0001,62147.98
1728471735181,True,False,0.02914,62147.98
1728471735219,False,True,0.0001,62147.99
1728471735219,False,True,4e-05,62147.99
1728471735646,False,True,0.00021,62147.99
1728471735652,True,False,0.01611,62147.98
1728471735882,False,True,0.00013,62147.99
1728471735882,False,True,0.00039,62147.99
1728471735882,False,True,9e-05,62147.99
1728471735882,False,True,9e-05,62147.99
1728471735882,False,True,6e-05,62147.99
1728471735974,True,False,9e-05,62147.98
1728471736233,False,True,4e-05,62147.99
1728471736233,False,True,0.0001,62147.99
1728471736233,False,True,4e-05,62147.99
1728471736257,True,False,0.00519,62147.98
1728471737526,False,True,0.00024,62147.99
1728471737565,True,False,0.00025,62147.98
1728471737651,True,False,0.01612,62147.98
1728471738416,False,True,0.00016,62147.99
1728471738545,True,False,0.00152,62147.98
1728471738563,False,True,0.00245,62147.99
1728471738652,True,False,0.01568,62147.98
1728471738705,True,False,0.00483,62147.98
1728471738705,True,False,0.00229,62147.98
1728471738889,True,False,0.00052,62147.98
1728471738906,False,True,0.00081,62147.99
1728471739017,False,True,0.00031,62147.99
1728471739298,True,False,0.00228,62147.98
1728471740121,False,True,0.01094,62147.99
1728471740542,True,False,0.00108,62147.98
1728471740718,False,True,0.00019,62147.99
1728471740917,False,True,0.0005,62147.99
1728471741517,False,True,0.00034,62147.99
1728471742218,True,False,0.00164,62147.98
1728471742454,True,False,0.00184,62147.98
1728471744732,False,True,0.02053,62147.99
1728471745933,False,True,9e-05,62147.99
1728471745933,False,True,9e-05,62147.99
1728471745933,False,True,9e-05,62147.99
1728471745933,False,True,0.00039,62147.99
1728471745933,False,True,7e-05,62147.99
1728471746059,False,True,0.00031,62147.99
1728471746059,False,True,6e-05,62147.99
1728471746059,False,True,0.0001,62147.99
1728471746059,False,True,0.0001,62147.99
1728471746059,False,True,0.00011,62147.99
1728471746059,False,True,9e-05,62147.99
1728471746059,False,True,0.00014,62147.99
1728471746059,False,True,0.00091,62147.99
1728471746059,False,True,0.00091,62147.99
1728471746059,False,True,0.00091,62147.99
1728471746059,False,True,0.00091,62147.99
1728471746059,False,True,0.00015,62147.99
1728471746059,False,True,9e-05,62147.99
1728471746059,False,True,9e-05,62147.99
1728471746059,False,True,9e-05,62147.99
1728471746059,False,True,0.00039,62147.99
1728471746059,False,True,0.0001,62147.99
1728471746059,False,True,9e-05,62147.99
1728471746059,False,True,9e-05,62147.99
1728471746059,False,True,9e-05,62147.99
1728471746059,False,True,9e-05,62147.99
1728471746059,False,True,9e-05,62147.99
1728471746059,False,True,9e-05,62147.99
1728471746059,False,True,9e-05,62147.99
1728471746059,False,True,9e-05,62147.99
1728471746059,False,True,9e-05,62147.99
1728471746059,False,True,9e-05,62147.99
1728471746059,False,True,1e-05,62147.99
1728471746059,False,True,8e-05,62147.99
1728471746059,False,True,9e-05,62147.99
1728471746059,False,True,9e-05,62147.99
1728471746059,False,True,9e-05,62147.99
1728471746059,False,True,9e-05,62147.99
1728471746059,False,True,9e-05,62147.99
1728471746059,False,True,9e-05,62147.99
1728471746059,False,True,0.00029,62148.0
1728471746065,True,False,0.0001,62147.99
1728471746065,False,True,0.0001,62148.0
1728471746069,False,True,0.00361,62148.0
1728471746069,False,True,0.006,62148.0
1728471746069,False,True,0.01,62148.0
1728471746069,False,True,0.008,62148.0
1728471746069,False,True,0.0002,62148.0
1728471746069,False,True,0.00209,62148.0
1728471746069,False,True,0.0004,62148.0
1728471746069,False,True,0.0001,62148.0
1728471746069,False,True,0.00015,62148.0
1728471746069,False,True,0.00215,62148.0
1728471746069,False,True,0.0001,62148.0
1728471746069,False,True,0.0001,62148.0
1728471746069,False,True,0.0001,62148.0
1728471746069,False,True,0.0001,62148.0
1728471746069,False,True,0.0001,62148.0
1728471746069,False,True,6e-05,62148.0
1728471746069,False,True,0.0001,62148.01
1728471746069,False,True,0.0001,62148.01
1728471746069,False,True,0.0001,62148.03
1728471746069,False,True,0.0001,62148.03
1728471746069,False,True,0.0001,62148.24
1728471746069,False,True,0.0001,62148.24
1728471746069,False,True,0.0001,62148.25
1728471746069,False,True,0.0001,62148.25
1728471746069,False,True,0.0001,62148.26
1728471746069,False,True,0.0001,62148.26
1728471746069,False,True,0.0001,62148.32
1728471746069,False,True,0.0001,62148.32
1728471746069,False,True,0.0001,62148.81
1728471746069,False,True,0.0001,62148.81
1728471746069,False,True,0.0001,62149.35
1728471746069,False,True,9e-05,62149.35
1728471746069,False,True,9e-05,62149.35
1728471746069,False,True,9e-05,62149.35
1728471746069,False,True,0.0001,62149.35
1728471746069,False,True,9e-05,62149.35
1728471746069,False,True,9e-05,62149.35
1728471746069,False,True,9e-05,62149.35
1728471746069,False,True,9e-05,62149.35
1728471746069,False,True,9e-05,62149.35
1728471746069,False,True,9e-05,62149.35
1728471746069,False,True,9e-05,62149.35
1728471746069,False,True,9e-05,62149.35
1728471746069,False,True,9e-05,62149.35
1728471746069,False,True,9e-05,62149.35
1728471746069,False,True,9e-05,62149.35
1728471746069,False,True,9e-05,62149.35
1728471746069,False,True,9e-05,62149.35
1728471746069,False,True,9e-05,62149.35
1728471746069,False,True,9e-05,62149.35
1728471746069,False,True,9e-05,62149.35
1728471746069,False,True,9e-05,62149.35
1728471746069,False,True,9e-05,62149.35
1728471746069,False,True,9e-05,62149.35
1728471746069,False,True,9e-05,62149.35
1728471746069,False,True,9e-05,62149.35
1728471746069,False,True,9e-05,62149.35
1728471746069,False,True,9e-05,62149.35
1728471746069,False,True,9e-05,62149.35
1728471746069,False,True,9e-05,62149.35
1728471746069,False,True,9e-05,62149.35
1728471746069,False,True,9e-05,62149.35
1728471746074,True,False,0.0001,62149.35
1728471746074,False,True,9e-05,62149.36
1728471746074,False,True,1e-05,62149.36
1728471746081,False,True,9e-05,62149.36
1728471746081,False,True,0.0001,62149.36
1728471746081,False,True,9e-05,62149.36
1728471746081,False,True,0.0001,62149.36
1728471746081,False,True,9e-05,62149.36
1728471746081,False,True,9e-05,62149.36
1728471746081,False,True,9e-05,62149.36
1728471746081,False,True,9e-05,62149.36
1728471746081,False,True,9e-05,62149.36
1728471746081,False,True,8e-05,62149.36
1728471746081,False,True,1e-05,62149.36
1728471746081,False,True,9e-05,62149.36
1728471746081,False,True,9e-05,62149.36
1728471746081,False,True,9e-05,62149.36
1728471746081,False,True,0.0001,62149.37
1728471746081,False,True,0.0001,62149.37
1728471746081,False,True,0.00043,62149.5
1728471746086,True,False,0.0001,62149.49
1728471746087,True,False,0.0001,62149.49
1728471746087,False,True,0.0001,62149.5
1728471746087,True,False,0.0001,62149.49
1728471746100,False,True,0.00239,62149.5
1728471746100,False,True,0.0001,62149.5
1728471746100,False,True,0.0001,62149.5
1728471746100,False,True,0.0001,62149.5
1728471746100,False,True,9e-05,62149.66
1728471746100,False,True,9e-05,62149.66
1728471746100,False,True,9e-05,62149.66
1728471746100,False,True,9e-05,62149.66
1728471746100,False,True,9e-05,62149.66
1728471746100,False,True,9e-05,62149.66
1728471746100,False,True,9e-05,62149.66
1728471746100,False,True,9e-05,62149.66
1728471746100,False,True,9e-05,62149.66
1728471746100,False,True,9e-05,62149.66
1728471746100,False,True,0.00184,62149.67
1728471746100,False,True,0.0001,62149.67
1728471746100,False,True,0.0001,62149.67
1728471746100,False,True,0.0001,62149.98
1728471746100,False,True,9e-05,62149.98
1728471746100,False,True,9e-05,62149.98
1728471746100,False,True,0.0001,62149.98
1728471746100,False,True,9e-05,62149.98
1728471746100,False,True,9e-05,62149.98
1728471746100,False,True,9e-05,62149.98
1728471746100,False,True,9e-05,62149.98
1728471746100,False,True,9e-05,62149.98
1728471746100,False,True,9e-05,62149.98
1728471746100,False,True,9e-05,62149.98
1728471746100,False,True,9e-05,62149.98
1728471746100,False,True,9e-05,62149.98
1728471746100,False,True,9e-05,62149.98
1728471746100,False,True,9e-05,62149.98
1728471746100,False,True,9e-05,62149.98
1728471746100,False,True,9e-05,62149.98
1728471746100,False,True,9e-05,62149.98
1728471746100,False,True,9e-05,62149.98
1728471746100,False,True,9e-05,62149.98
1728471746100,False,True,9e-05,62149.98
1728471746100,False,True,9e-05,62149.98
1728471746100,False,True,0.0001,62149.99
1728471746100,False,True,9e-05,62149.99
1728471746100,False,True,9e-05,62149.99
1728471746100,False,True,9e-05,62149.99
1728471746100,False,True,0.0001,62149.99
1728471746100,False,True,9e-05,62149.99
1728471746100,False,True,9e-05,62149.99
1728471746100,False,True,9e-05,62149.99
1728471746100,False,True,9e-05,62149.99
1728471746100,False,True,9e-05,62149.99
1728471746100,False,True,9e-05,62149.99
1728471746100,False,True,9e-05,62149.99
1728471746100,False,True,9e-05,62149.99
1728471746100,False,True,9e-05,62149.99
1728471746100,False,True,9e-05,62149.99
1728471746100,False,True,9e-05,62149.99
1728471746100,False,True,9e-05,62149.99
1728471746100,False,True,9e-05,62149.99
1728471746100,False,True,9e-05,62149.99
1728471746100,False,True,9e-05,62149.99
1728471746100,False,True,9e-05,62149.99
1728471746100,False,True,9e-05,62149.99
1728471746100,False,True,9e-05,62149.99
1728471746100,False,True,9e-05,62149.99
1728471746100,False,True,9e-05,62149.99
1728471746100,False,True,9e-05,62149.99
1728471746100,False,True,9e-05,62149.99
1728471746100,False,True,9e-05,62149.99
1728471746100,False,True,9e-05,62149.99
1728471746100,False,True,9e-05,62149.99
1728471746100,False,True,9e-05,62149.99
1728471746100,False,True,9e-05,62149.99
1728471746101,False,True,0.00091,62150.0
1728471746105,False,True,0.0001,62150.0
1728471746105,True,False,0.0001,62149.99
1728471746164,False,True,0.00045,62150.0
1728471746890,True,False,0.01136,62149.99
1728471747127,False,True,0.00677,62150.0
1728471747329,False,True,0.21671,62150.0
1728471747329,False,True,0.00023,62150.0
1728471747329,False,True,0.00207,62150.0
1728471747329,False,True,0.00838,62150.0
1728471747329,False,True,0.00115,62150.0
1728471747329,False,True,0.00172,62150.0
1728471747329,False,True,0.0016,62150.0
1728471747329,False,True,0.004,62150.0
1728471747329,False,True,0.09557,62150.0
1728471747329,False,True,0.006,62150.0
1728471747329,False,True,0.01,62150.0
1728471747329,False,True,0.0002,62150.0
1728471747329,False,True,0.008,62150.0
1728471747329,False,True,0.0002,62150.0
1728471747329,False,True,0.00581,62150.0
1728471747329,False,True,0.00208,62150.0
1728471747329,False,True,0.00015,62150.0
1728471747329,False,True,0.00667,62150.0
1728471747329,False,True,0.0001,62150.0
1728471747329,False,True,0.00012,62150.0
1728471747329,False,True,0.0001,62150.0
1728471747329,False,True,0.0001,62150.01
1728471747329,False,True,9e-05,62150.01
1728471747329,False,True,0.0001,62150.01
1728471747329,False,True,9e-05,62150.01
1728471747329,False,True,9e-05,62150.01
1728471747329,False,True,9e-05,62150.01
1728471747329,False,True,9e-05,62150.01
1728471747329,False,True,9e-05,62150.01
1728471747329,False,True,9e-05,62150.01
1728471747329,False,True,9e-05,62150.01
1728471747329,False,True,9e-05,62150.01
1728471747329,False,True,9e-05,62150.01
1728471747329,False,True,0.00667,62150.02
1728471747329,False,True,0.0001,62150.02
1728471747329,False,True,0.0001,62150.02
1728471747329,False,True,9e-05,62150.03
1728471747329,False,True,0.0001,62150.03
1728471747329,False,True,9e-05,62150.03
1728471747329,False,True,0.0001,62150.03
1728471747329,False,True,9e-05,62150.03
1728471747329,False,True,9e-05,62150.03
1728471747329,False,True,9e-05,62150.03
1728471747329,False,True,9e-05,62150.03
1728471747329,False,True,9e-05,62150.03
1728471747329,False,True,9e-05,62150.03
1728471747329,False,True,9e-05,62150.03
1728471747329,False,True,9e-05,62150.03
1728471747329,False,True,0.00666,62150.04
1728471747329,False,True,0.0001,62150.04
1728471747329,False,True,0.0001,62150.04
1728471747329,False,True,0.0001,62150.24
1728471747329,False,True,0.0001,62150.24
1728471747329,False,True,0.0001,62150.36
1728471747329,False,True,0.0001,62150.36
1728471747329,False,True,0.0001,62150.37
1728471747329,False,True,9e-05,62150.37
1728471747329,False,True,0.0001,62150.37
1728471747329,False,True,9e-05,62150.37
1728471747329,False,True,9e-05,62150.37
1728471747329,False,True,9e-05,62150.37
1728471747329,False,True,9e-05,62150.37
1728471747329,False,True,9e-05,62150.37
1728471747329,False,True,9e-05,62150.37
1728471747329,False,True,9e-05,62150.37
1728471747329,False,True,9e-05,62150.37
1728471747329,False,True,9e-05,62150.37
1728471747329,False,True,0.0001,62150.38
1728471747329,False,True,0.0001,62150.38
1728471747332,False,True,0.0001,62150.93
1728471747332,False,True,0.0001,62150.93
1728471747332,False,True,0.0001,62151.1
1728471747333,False,True,7e-05,62151.1
1728471747333,False,True,9e-05,62151.42
1728471747333,False,True,9e-05,62151.42
1728471747333,False,True,9e-05,62151.42
1728471747333,False,True,9e-05,62151.42
1728471747333,False,True,9e-05,62151.42
1728471747333,False,True,9e-05,62151.42
1728471747333,False,True,9e-05,62151.42
1728471747333,False,True,9e-05,62151.42
1728471747333,False,True,9e-05,62151.42
1728471747333,False,True,9e-05,62151.42
1728471747333,False,True,0.009,62151.43
1728471747333,False,True,9e-05,62151.65
1728471747333,False,True,9e-05,62151.65
1728471747333,False,True,9e-05,62151.65
1728471747333,False,True,9e-05,62151.65
1728471747333,False,True,9e-05,62151.65
1728471747333,False,True,9e-05,62151.65
1728471747333,False,True,9e-05,62151.65
1728471747333,False,True,9e-05,62151.65
1728471747333,False,True,9e-05,62151.65
1728471747333,False,True,9e-05,62151.65
1728471747333,False,True,0.00818,62151.66
1728471747333,False,True,0.00733,62151.66
1728471747333,False,True,0.0003,62151.66
1728471747333,False,True,0.00045,62151.66
1728471747333,False,True,0.00071,62151.66
1728471747333,False,True,9e-05,62151.99
1728471747333,False,True,9e-05,62151.99
1728471747333,False,True,9e-05,62151.99
1728471747333,False,True,9e-05,62151.99
1728471747333,False,True,9e-05,62151.99
1728471747333,False,True,9e-05,62151.99
1728471747333,False,True,9e-05,62151.99
1728471747333,False,True,9e-05,62151.99
1728471747333,False,True,9e-05,62151.99
1728471747333,False,True,9e-05,62151.99
1728471747333,False,True,9e-05,62151.99
1728471747333,False,True,9e-05,62151.99
1728471747333,False,True,9e-05,62151.99
1728471747333,False,True,9e-05,62151.99
1728471747333,False,True,9e-05,62151.99
1728471747333,False,True,9e-05,62151.99
1728471747333,False,True,9e-05,62151.99
1728471747333,False,True,9e-05,62151.99
1728471747333,False,True,9e-05,62151.99
1728471747333,False,True,9e-05,62151.99
1728471747333,False,True,9e-05,62151.99
1728471747333,False,True,9e-05,62151.99
1728471747333,False,True,9e-05,62151.99
1728471747333,False,True,9e-05,62151.99
1728471747333,False,True,9e-05,62151.99
1728471747333,False,True,9e-05,62151.99
1728471747333,False,True,9e-05,62151.99
1728471747333,False,True,9e-05,62151.99
1728471747333,False,True,9e-05,62151.99
1728471747333,False,True,9e-05,62151.99
1728471747333,False,True,0.006,62152.0
1728471747333,False,True,0.008,62152.0
1728471747333,False,True,0.01,62152.0
1728471747333,False,True,0.0002,62152.0
1728471747333,False,True,0.0002,62152.0
1728471747333,False,True,0.004,62152.0
1728471747336,False,True,9e-05,62152.99
1728471747336,False,True,0.0001,62152.99
1728471747336,False,True,9e-05,62152.99
1728471747336,False,True,9e-05,62152.99
1728471747336,False,True,0.0001,62152.99
1728471747336,False,True,9e-05,62152.99
1728471747336,False,True,9e-05,62152.99
1728471747336,False,True,9e-05,62152.99
1728471747336,False,True,9e-05,62152.99
1728471747336,False,True,9e-05,62152.99
1728471747336,False,True,9e-05,62152.99
1728471747336,False,True,9e-05,62152.99
1728471747336,False,True,9e-05,62152.99
1728471747336,False,True,9e-05,62152.99
1728471747336,False,True,9e-05,62152.99
1728471747336,False,True,9e-05,62152.99
1728471747336,False,True,9e-05,62152.99
1728471747336,False,True,9e-05,62152.99
1728471747336,False,True,9e-05,62152.99
1728471747336,False,True,9e-05,62152.99
1728471747336,False,True,9e-05,62152.99
1728471747336,False,True,9e-05,62152.99
1728471747349,False,True,0.00053,62153.14
1728471747349,False,True,0.0001,62153.14
1728471747349,False,True,0.0001,62153.14
1728471747349,False,True,0.00018,62153.5
1728471747349,False,True,0.00091,62153.5
1728471747349,False,True,0.00091,62153.5
1728471747349,False,True,0.00091,62153.5
1728471747349,False,True,0.00091,62153.5
1728471747349,False,True,0.00091,62153.5
1728471747349,False,True,0.00058,62153.5
1728471747349,False,True,0.0001,62153.67
1728471747349,False,True,0.0001,62153.67
1728471747349,False,True,0.0001,62153.99
1728471747349,False,True,3e-05,62153.99
1728471747349,False,True,6e-05,62153.99
1728471747349,False,True,9e-05,62153.99
1728471747349,False,True,0.0001,62153.99
1728471747349,False,True,9e-05,62153.99
1728471747349,False,True,9e-05,62153.99
1728471747349,False,True,9e-05,62153.99
1728471747349,False,True,9e-05,62153.99
1728471747349,False,True,9e-05,62153.99
1728471747349,False,True,9e-05,62153.99
1728471747349,False,True,9e-05,62153.99
1728471747349,False,True,3e-05,62153.99
1728471747349,False,True,6e-05,62153.99
1728471747349,False,True,9e-05,62153.99
1728471747349,False,True,9e-05,62153.99
1728471747349,False,True,9e-05,62153.99
1728471747349,False,True,9e-05,62153.99
1728471747349,False,True,9e-05,62153.99
1728471747349,False,True,9e-05,62153.99
1728471747349,False,True,9e-05,62153.99
1728471747349,False,True,9e-05,62153.99
1728471747349,False,True,9e-05,62153.99
1728471747349,False,True,4e-05,62153.99
1728471747349,False,True,5e-05,62153.99
1728471747349,False,True,0.00086,62154.0
1728471747370,False,True,0.00914,62154.0
1728471747370,False,True,0.008,62154.0
1728471747370,False,True,0.0002,62154.0
1728471747370,False,True,0.006,62154.0
1728471747370,False,True,0.0002,62154.0
1728471747370,False,True,0.004,62154.0
1728471747370,False,True,0.0001,62154.0
1728471747370,False,True,0.00328,62154.0
1728471747370,False,True,0.0001,62154.0
1728471747375,False,True,0.00017,62154.21
1728471747375,False,True,0.0001,62154.21
1728471747375,False,True,0.0001,62154.21
1728471747375,False,True,0.0001,62154.69
1728471747375,False,True,0.0001,62154.69
1728471747377,False,True,0.0001,62154.99
1728471747377,False,True,9e-05,62154.99
1728471747377,False,True,9e-05,62154.99
1728471747377,False,True,9e-05,62154.99
1728471747377,False,True,0.0001,62154.99
1728471747377,False,True,9e-05,62154.99
1728471747377,False,True,9e-05,62154.99
1728471747377,False,True,9e-05,62154.99
1728471747377,False,True,9e-05,62154.99
1728471747377,False,True,9e-05,62154.99
1728471747377,False,True,9e-05,62154.99
1728471747377,False,True,9e-05,62154.99
1728471747377,False,True,9e-05,62154.99
1728471747377,False,True,9e-05,62154.99
1728471747377,False,True,9e-05,62154.99
1728471747377,False,True,9e-05,62154.99
1728471747377,False,True,9e-05,62154.99
1728471747377,False,True,9e-05,62154.99
1728471747377,False,True,9e-05,62154.99
1728471747377,False,True,9e-05,62154.99
1728471747377,False,True,9e-05,62154.99
1728471747377,False,True,9e-05,62154.99
1728471747377,False,True,9e-05,62154.99
1728471747377,False,True,9e-05,62154.99
1728471747377,False,True,9e-05,62154.99
1728471747377,False,True,9e-05,62154.99
1728471747377,False,True,9e-05,62154.99
1728471747377,False,True,9e-05,62154.99
1728471747377,False,True,9e-05,62154.99
1728471747377,False,True,9e-05,62154.99
1728471747377,False,True,9e-05,62154.99
1728471747377,False,True,9e-05,62154.99
1728471747377,False,True,0.00326,62155.0
1728471747377,False,True,0.0001,62155.0
1728471747377,False,True,0.0001,62155.0
1728471747377,False,True,0.0001,62155.99
1728471747377,False,True,9e-05,62155.99
1728471747377,False,True,9e-05,62155.99
1728471747377,False,True,9e-05,62155.99
1728471747377,False,True,0.0001,62155.99
1728471747377,False,True,9e-05,62155.99
1728471747377,False,True,9e-05,62155.99
1728471747377,False,True,9e-05,62155.99
1728471747377,False,True,9e-05,62155.99
1728471747377,False,True,9e-05,62155.99
1728471747377,False,True,9e-05,62155.99
1728471747377,False,True,9e-05,62155.99
1728471747377,False,True,9e-05,62155.99
1728471747377,False,True,9e-05,62155.99
1728471747377,False,True,9e-05,62155.99
1728471747377,False,True,9e-05,62155.99
1728471747377,False,True,9e-05,62155.99
1728471747377,False,True,9e-05,62155.99
1728471747377,False,True,9e-05,62155.99
1728471747377,False,True,9e-05,62155.99
1728471747377,False,True,9e-05,62155.99
1728471747377,False,True,9e-05,62155.99
1728471747377,False,True,9e-05,62155.99
1728471747377,False,True,9e-05,62155.99
1728471747377,False,True,9e-05,62155.99
1728471747377,False,True,9e-05,62155.99
1728471747377,False,True,9e-05,62155.99
1728471747377,False,True,9e-05,62155.99
1728471747377,False,True,9e-05,62155.99
1728471747377,False,True,9e-05,62155.99
1728471747377,False,True,9e-05,62155.99
1728471747377,False,True,9e-05,62155.99
1728471747377,False,True,0.0002,62156.0
1728471747377,False,True,0.0002,62156.0
1728471747377,False,True,0.004,62156.0
1728471747377,False,True,0.01,62156.0
1728471747377,False,True,0.008,62156.0
1728471747377,False,True,0.006,62156.0
1728471747377,False,True,0.00172,62156.0
1728471747377,False,True,0.0001,62156.0
1728471747377,False,True,0.0001,62156.0
1728471747377,False,True,0.00039,62156.24
1728471747377,False,True,0.0001,62156.24
1728471747377,False,True,0.0001,62156.24
1728471747377,False,True,0.00017,62156.46
1728471747377,False,True,0.0001,62156.46
1728471747377,False,True,0.0001,62156.46
1728471747378,False,True,0.00091,62156.5
1728471747380,False,True,9e-05,62156.5
1728471747380,False,True,7e-05,62156.5
1728471747391,False,True,3e-05,62156.5
1728471747391,False,True,0.00088,62156.5
1728471747391,False,True,0.00091,62156.5
1728471747391,False,True,0.00091,62156.5
1728471747391,False,True,0.00091,62156.5
1728471747391,False,True,0.00091,62156.5
1728471747391,False,True,0.00025,62156.5
1728471747391,False,True,0.0001,62156.5
1728471747391,False,True,0.0001,62156.5
1728471747391,False,True,0.0001,62156.5
1728471747391,False,True,0.0001,62156.86
1728471747391,False,True,0.0001,62156.86
1728471747391,False,True,0.00016,62156.87
1728471747391,False,True,0.00091,62156.87
1728471747391,False,True,0.00091,62156.87
1728471747391,False,True,0.00091,62156.87
1728471747391,False,True,0.00091,62156.87
1728471747391,False,True,0.00091,62156.87
1728471747391,False,True,0.00091,62156.87
1728471747391,False,True,0.00091,62156.87
1728471747391,False,True,0.00091,62156.87
1728471747391,False,True,0.00091,62156.87
1728471747391,False,True,0.00091,62156.87
1728471747391,False,True,0.00074,62156.87
1728471747391,False,True,0.0001,62156.87
1728471747391,False,True,7e-05,62156.87
1728471747391,False,True,3e-05,62156.87
1728471747391,False,True,0.00017,62157.32
1728471747391,False,True,0.0001,62157.32
1728471747391,False,True,0.0001,62157.32
1728471747391,False,True,0.0001,62157.57
1728471747391,False,True,0.0001,62157.57
1728471747391,False,True,0.0001,62157.57
1728471747391,False,True,0.0001,62157.57
1728471747391,False,True,0.0001,62157.99
1728471747391,False,True,1e-05,62157.99
1728471747391,False,True,8e-05,62157.99
1728471747391,False,True,9e-05,62157.99
1728471747391,False,True,0.0001,62157.99
1728471747391,False,True,9e-05,62157.99
1728471747391,False,True,9e-05,62157.99
1728471747391,False,True,9e-05,62157.99
1728471747391,False,True,9e-05,62157.99
1728471747391,False,True,9e-05,62157.99
1728471747391,False,True,9e-05,62157.99
1728471747391,False,True,9e-05,62157.99
1728471747391,False,True,1e-05,62157.99
1728471747391,False,True,8e-05,62157.99
1728471747391,False,True,9e-05,62157.99
1728471747391,False,True,9e-05,62157.99
1728471747391,False,True,9e-05,62157.99
1728471747391,False,True,9e-05,62157.99
1728471747391,False,True,9e-05,62157.99
1728471747391,False,True,9e-05,62157.99
1728471747391,False,True,9e-05,62157.99
1728471747391,False,True,9e-05,62157.99
1728471747391,False,True,9e-05,62157.99
1728471747391,False,True,2e-05,62157.99
1728471747391,False,True,7e-05,62157.99
1728471747391,False,True,0.0002,62158.0
1728471747391,False,True,0.0002,62158.0
1728471747391,False,True,0.00044,62158.0
1728471747415,False,True,0.00356,62158.0
1728471747415,False,True,0.01,62158.0
1728471747415,False,True,0.008,62158.0
1728471747415,False,True,0.006,62158.0
1728471747415,False,True,0.0001,62158.0
1728471747415,False,True,0.0001,62158.0
1728471747435,False,True,0.0001,62158.22
1728471747435,False,True,0.0001,62158.22
1728471747435,False,True,9e-05,62158.99
1728471747435,False,True,0.0001,62158.99
1728471747435,False,True,9e-05,62158.99
1728471747435,False,True,0.0001,62158.99
1728471747435,False,True,9e-05,62158.99
1728471747435,False,True,9e-05,62158.99
1728471747435,False,True,9e-05,62158.99
1728471747435,False,True,9e-05,62158.99
1728471747435,False,True,9e-05,62158.99
1728471747435,False,True,9e-05,62158.99
1728471747435,False,True,9e-05,62158.99
1728471747435,False,True,9e-05,62158.99
1728471747435,False,True,0.0001,62159.0
1728471747435,False,True,0.0001,62159.0
1728471747435,False,True,0.00039,62159.23
1728471747435,False,True,0.0001,62159.23
1728471747435,False,True,0.0001,62159.23
1728471747435,False,True,0.0001,62159.25
1728471747435,False,True,0.0001,62159.25
1728471747435,False,True,0.0001,62159.26
1728471747435,False,True,0.0001,62159.26
1728471747435,False,True,0.00039,62159.72
1728471747435,False,True,0.0001,62159.72
1728471747435,False,True,0.0001,62159.72
1728471747435,False,True,0.0001,62159.99
1728471747435,False,True,9e-05,62159.99
1728471747435,False,True,9e-05,62159.99
1728471747435,False,True,9e-05,62159.99
1728471747435,False,True,9e-05,62159.99
1728471747435,False,True,9e-05,62159.99
1728471747435,False,True,9e-05,62159.99
1728471747435,False,True,0.0001,62159.99
1728471747435,False,True,9e-05,62159.99
1728471747435,False,True,9e-05,62159.99
1728471747435,False,True,9e-05,62159.99
1728471747435,False,True,9e-05,62159.99
1728471747435,False,True,9e-05,62159.99
1728471747435,False,True,9e-05,62159.99
1728471747435,False,True,9e-05,62159.99
1728471747435,False,True,9e-05,62159.99
1728471747435,False,True,9e-05,62159.99
1728471747435,False,True,9e-05,62159.99
1728471747435,False,True,9e-05,62159.99
1728471747435,False,True,9e-05,62159.99
1728471747435,False,True,9e-05,62159.99
1728471747435,False,True,9e-05,62159.99
1728471747435,False,True,9e-05,62159.99
1728471747435,False,True,9e-05,62159.99
1728471747435,False,True,9e-05,62159.99
1728471747435,False,True,9e-05,62159.99
1728471747435,False,True,9e-05,62159.99
1728471747435,False,True,9e-05,62159.99
1728471747435,False,True,9e-05,62159.99
1728471747435,False,True,9e-05,62159.99
1728471747435,False,True,9e-05,62159.99
1728471747435,False,True,9e-05,62159.99
1728471747435,False,True,9e-05,62159.99
1728471747435,False,True,9e-05,62159.99
1728471747435,False,True,9e-05,62159.99
1728471747435,False,True,9e-05,62159.99
1728471747435,False,True,9e-05,62159.99
1728471747435,False,True,9e-05,62159.99
1728471747435,False,True,9e-05,62159.99
1728471747435,False,True,9e-05,62159.99
1728471747435,False,True,9e-05,62159.99
1728471747435,False,True,9e-05,62159.99
1728471747435,False,True,9e-05,62159.99
1728471747435,False,True,9e-05,62159.99
1728471747435,False,True,9e-05,62159.99
1728471747435,False,True,9e-05,62159.99
1728471747435,False,True,9e-05,62159.99
1728471747435,False,True,9e-05,62159.99
1728471747435,False,True,9e-05,62159.99
1728471747435,False,True,9e-05,62159.99
1728471747435,False,True,9e-05,62159.99
1728471747435,False,True,9e-05,62159.99
1728471747435,False,True,9e-05,62159.99
1728471747435,False,True,9e-05,62159.99
1728471747435,False,True,9e-05,62159.99
1728471747435,False,True,9e-05,62159.99
1728471747435,False,True,9e-05,62159.99
1728471747435,False,True,9e-05,62159.99
1728471747435,False,True,9e-05,62159.99
1728471747435,False,True,9e-05,62159.99
1728471747435,False,True,9e-05,62159.99
1728471747435,False,True,9e-05,62159.99
1728471747435,False,True,0.0002,62160.0
1728471747435,False,True,0.0002,62160.0
1728471747435,False,True,0.004,62160.0
1728471747435,False,True,0.01,62160.0
1728471747435,False,True,0.008,62160.0
1728471747435,False,True,0.006,62160.0
1728471747435,False,True,0.1287,62160.0
1728471747435,False,True,0.00318,62160.0
1728471747435,False,True,0.03219,62160.0
1728471747435,False,True,0.0001,62160.0
1728471747435,False,True,0.0001,62160.0
1728471747435,False,True,0.00017,62160.42
1728471747435,False,True,0.0001,62160.42
1728471747435,False,True,0.0001,62160.42
1728471747435,False,True,0.00234,62161.15
1728471747435,False,True,9e-05,62161.2
1728471747435,False,True,9e-05,62161.82
1728471747435,False,True,9e-05,62161.82
1728471747435,False,True,9e-05,62161.82
1728471747435,False,True,9e-05,62161.82
1728471747435,False,True,9e-05,62161.82
1728471747435,False,True,9e-05,62161.82
1728471747435,False,True,9e-05,62161.82
1728471747435,False,True,9e-05,62161.82
1728471747435,False,True,9e-05,62161.82
1728471747435,False,True,9e-05,62161.82
1728471747435,False,True,0.07946,62161.84
1728471747446,False,True,0.0615,62161.84
1728471747446,False,True,0.45438,62161.84
1728471747818,True,False,0.00021,62161.83
1728471748257,True,False,0.02081,62161.83
1728471748257,True,False,0.01141,62161.83
1728471748510,True,False,0.00242,62161.83
1728471749343,False,True,0.0001,62161.84
1728471749343,False,True,4e-05,62161.84
1728471749625,False,True,0.048,62161.84
1728471749770,False,True,0.00095,62161.84
1728471750467,False,True,0.004,62161.84
1728471750719,True,False,0.00014,62161.83
1728471750724,True,False,0.02024,62161.83
1728471751241,True,False,0.00192,62161.83
1728471751291,False,True,0.00851,62161.84
1728471751291,False,True,0.02033,62161.84
1728471751735,True,False,0.00022,62161.83
1728471752230,False,True,0.008,62161.84
1728471753229,True,False,0.03204,62161.83
1728471753403,True,False,0.00164,62161.83
1728471755238,False,True,0.00086,62161.84
1728471755407,False,True,0.00042,62161.84
1728471755668,True,False,0.00658,62161.83
1728471756055,True,False,0.00045,62161.83
1728471756182,True,False,0.0008,62161.83
1728471756589,False,True,0.02,62161.84
1728471756650,True,False,0.00032,62161.83
1728471756904,False,True,0.00102,62161.84
1728471757061,True,False,0.00017,62161.83
1728471757670,True,False,0.00658,62161.83
1728471757848,False,True,0.00085,62161.84
1728471757952,False,True,0.00136,62161.84
1728471758253,True,False,0.00517,62161.83
1728471758669,True,False,0.00658,62161.83
1728471758957,False,True,0.00021,62161.84
1728471760252,True,False,0.00518,62161.83
1728471761251,True,False,0.00518,62161.83
1728471761369,True,False,0.00478,62161.83
1728471762119,False,True,0.00045,62161.84
1728471762250,True,False,0.00237,62161.83
1728471763040,True,False,0.00018,62161.83
1728471763298,False,True,0.00287,62161.84
1728471763626,True,False,0.00021,62161.83
1728471765905,True,False,0.00042,62161.83
1728471766269,True,False,0.00437,62161.83
1728471766331,False,True,0.00161,62161.84
1728471766663,False,True,0.00017,62161.84
1728471766680,True,False,0.00081,62161.83
1728471766781,True,False,0.00045,62161.83
1728471766998,False,True,0.00437,62161.84
1728471767237,False,True,0.00075,62161.84
1728471767496,False,True,0.00085,62161.84
1728471767565,True,False,0.0053,62161.83
1728471767628,False,True,0.00198,62161.84
1728471768997,True,False,0.00454,62161.83
1728471768997,True,False,0.00374,62161.83
1728471768997,True,False,0.00152,62161.83
1728471769097,True,False,0.00345,62161.83
1728471769097,True,False,0.00029,62161.83
1728471769178,False,True,0.00081,62161.84
1728471769438,False,True,0.00512,62161.84
1728471770888,True,False,0.00071,62161.83
1728471770888,True,False,0.00028,62161.83
1728471770888,True,False,0.00014,62161.83
1728471770888,True,False,0.00384,62161.83
1728471770895,True,False,0.02633,62161.83
1728471770997,False,True,0.00016,62161.84
1728471771100,True,False,0.00017,62161.83
1728471771258,False,True,0.00051,62161.84
1728471771783,False,True,0.00015,62161.84
1728471772039,False,True,0.00048,62161.84
1728471772404,False,True,0.005,62161.84
1728471772689,True,False,0.0025,62161.83
1728471774332,False,True,0.00496,62161.84
1728471775241,False,True,0.00023,62161.84
1728471776396,True,False,0.00306,62161.83
1728471776638,False,True,0.15818,62161.84
1728471776660,True,False,0.00281,62161.83
1728471776931,False,True,0.0002,62161.84
1728471776992,False,True,0.00016,62161.84
1728471777161,False,True,0.24075,62161.84
1728471777417,False,True,0.00048,62161.84
1728471778006,False,True,0.00187,62161.84
1728471778255,True,False,0.00966,62161.83
1728471778255,True,False,0.00688,62161.83
1728471778664,True,False,0.00025,62161.83
1728471781567,False,True,0.00079,62161.84
1728471781769,True,False,0.00368,62161.83
1728471781871,True,False,0.00013,62161.83
1728471783049,False,True,0.00014,62161.84
1728471783153,False,True,0.00965,62161.84
1728471783769,True,False,0.0001,62161.83
1728471783769,True,False,0.00359,62161.83
1728471784045,False,True,0.00044,62161.84
1728471784112,False,True,0.00082,62161.84
1728471784258,False,True,0.16379,62161.84
1728471784258,False,True,0.07696,62161.84
1728471784330,False,True,0.00012,62161.84
1728471784497,False,True,0.00353,62161.84
1728471784769,True,False,7e-05,62161.83
1728471784769,True,False,0.00036,62161.83
1728471784769,True,False,0.00205,62161.83
1728471784769,True,False,0.00121,62161.83
1728471784940,True,False,0.00778,62161.83
1728471785067,False,True,0.00161,62161.84
1728471785152,False,True,0.00964,62161.84
1728471785471,True,False,0.00084,62161.83
1728471785542,True,False,0.00032,62161.83
1728471785876,True,False,0.00024,62161.83
1728471786151,False,True,0.00964,62161.84
1728471786468,True,False,0.00023,62161.83
1728471786851,True,False,0.00082,62161.83
1728471787447,False,True,0.0001,62161.84
1728471787843,False,True,0.00081,62161.84
1728471787950,False,True,0.00108,62161.84
1728471788717,False,True,0.00035,62161.84
1728471788917,True,False,0.00022,62161.83
1728471789140,True,False,0.00528,62161.83
1728471789453,True,False,0.00318,62161.83
1728471789673,True,False,0.00029,62161.83
1728471790966,True,False,0.00012,62161.83
1728471791587,False,True,0.00195,62161.84
1728471792267,False,True,0.01608,62161.84
1728471792671,True,False,0.00017,62161.83
1728471793072,False,True,0.0003,62161.84
1728471793358,False,True,0.00082,62161.84
1728471793418,True,False,0.00352,62161.83
1728471793554,False,True,0.00014,62161.84
1728471794267,False,True,0.01609,62161.84
1728471795226,False,True,0.00016,62161.84
1728471795267,False,True,0.01609,62161.84
1728471795810,True,False,0.00082,62161.83
1728471796372,False,True,0.00106,62161.84
1728471796644,False,True,0.00021,62161.84
1728471797365,True,False,0.00012,62161.83
1728471798147,False,True,0.00762,62161.84
1728471798324,False,True,0.00082,62161.84
1728471798629,False,True,0.0011,62161.84
1728471798839,True,False,0.00032,62161.83
1728471798990,False,True,0.00177,62161.84
1728471799146,True,False,0.00394,62161.83
1728471799165,True,False,0.00186,62161.83
1728471799706,True,False,0.01227,62161.83
1728471799706,True,False,0.00094,62161.83
1728471799706,True,False,0.06879,62161.83
1728471799717,False,True,0.00151,62161.84
1728471799888,False,True,0.0001,62161.84
1728471800650,False,True,0.00121,62161.84
1728471800879,True,False,0.00082,62161.83
1728471801577,False,True,0.00018,62161.84
1728471801609,False,True,0.0002,62161.84
1728471801609,False,True,0.00039,62161.84
1728471801609,False,True,0.0001,62161.84
1728471801609,False,True,0.0001,62161.84
1728471801609,False,True,0.0005,62161.84
1728471801609,False,True,0.00039,62161.84
1728471801609,False,True,0.00039,62161.84
1728471801609,False,True,0.0001,62161.84
1728471801609,False,True,0.00287,62161.84
1728471801609,False,True,9e-05,62161.84
1728471801609,False,True,0.0048,62161.84
1728471801609,False,True,0.00034,62161.84
1728471801609,False,True,0.00016,62161.84
1728471801609,False,True,9e-05,62161.84
1728471801609,False,True,0.00014,62161.84
1728471801609,False,True,0.00048,62161.84
1728471801609,False,True,0.00116,62161.84
1728471801609,False,True,0.00029,62161.84
1728471801609,False,True,0.00067,62161.84
1728471801609,False,True,0.00125,62161.84
1728471801609,False,True,0.03594,62161.84
1728471801609,False,True,0.0005,62161.84
1728471801609,False,True,9e-05,62161.84
1728471801609,False,True,0.0001,62161.84
1728471801609,False,True,0.00016,62161.84
1728471801609,False,True,6e-05,62161.84
1728471801609,False,True,9e-05,62161.84
1728471801609,False,True,0.0001,62161.84
1728471801609,False,True,0.00016,62161.84
1728471801609,False,True,9e-05,62161.84
1728471801609,False,True,6e-05,62161.84
1728471801609,False,True,0.00016,62161.84
1728471801609,False,True,9e-05,62161.84
1728471801609,False,True,0.00016,62161.84
1728471801609,False,True,9e-05,62161.84
1728471801609,False,True,0.00016,62161.84
1728471801609,False,True,9e-05,62161.84
1728471801609,False,True,0.00016,62161.84
1728471801609,False,True,9e-05,62161.84
1728471801609,False,True,0.00016,62161.84
1728471801609,False,True,9e-05,62161.84
1728471801609,False,True,0.00016,62161.84
1728471801609,False,True,9e-05,62161.84
1728471801609,False,True,0.00016,62161.84
1728471801609,False,True,9e-05,62161.84
1728471801616,False,True,0.0001,62161.85
1728471801616,False,True,0.0001,62161.85
1728471801616,False,True,0.0001,62161.86
1728471801616,False,True,0.00061,62161.86
1728471801617,False,True,0.01548,62161.86
1728471801617,False,True,0.0001,62161.86
1728471801617,False,True,0.0001,62161.88
1728471801617,False,True,0.0001,62161.88
1728471801617,False,True,0.0001,62161.94
1728471801617,False,True,0.0001,62161.94
1728471801617,False,True,9e-05,62161.98
1728471801617,False,True,9e-05,62161.98
1728471801617,False,True,0.0001,62161.98
1728471801617,False,True,9e-05,62161.98
1728471801617,False,True,9e-05,62161.98
1728471801617,False,True,0.0001,62161.98
1728471801617,False,True,9e-05,62161.98
1728471801617,False,True,9e-05,62161.98
1728471801617,False,True,9e-05,62161.98
1728471801617,False,True,9e-05,62161.98
1728471801617,False,True,9e-05,62161.98
1728471801617,False,True,9e-05,62161.98
1728471801617,False,True,9e-05,62161.98
1728471801617,False,True,9e-05,62161.98
1728471801617,False,True,9e-05,62161.98
1728471801617,False,True,9e-05,62161.98
1728471801617,False,True,9e-05,62161.98
1728471801617,False,True,9e-05,62161.98
1728471801617,False,True,9e-05,62161.98
1728471801617,False,True,9e-05,62161.98
1728471801617,False,True,9e-05,62161.98
1728471801617,False,True,9e-05,62161.98
1728471801636,False,True,0.0001,62161.99
1728471801636,False,True,9e-05,62161.99
1728471801636,False,True,9e-05,62161.99
1728471801636,False,True,0.0001,62161.99
1728471801636,False,True,9e-05,62161.99
1728471801636,False,True,9e-05,62161.99
1728471801636,False,True,9e-05,62161.99
1728471801636,False,True,9e-05,62161.99
1728471801636,False,True,9e-05,62161.99
1728471801636,False,True,8e-05,62161.99
1728471801636,False,True,1e-05,62161.99
