Timestamp,Buy,Sell,Quantity,Price,trade_id
1728475781932,True,False,0.0001,62096.01,3903977118
1728475782052,True,False,6e-05,62096.01,3903977119
1728475782052,True,False,0.0001,62096.01,3903977120
1728475782052,True,False,1e-05,62096.01,3903977121
1728475782124,False,True,0.0093,62096.02,3903977122
1728475782544,False,True,0.0001,62096.02,3903977123
1728475783613,False,True,0.0002,62096.02,3903977124
1728475784287,False,True,0.00032,62096.02,3903977125
1728475784413,True,False,0.00017,62096.01,3903977126
1728475784413,True,False,0.00015,62096.01,3903977127
1728475786398,False,True,0.00203,62096.02,3903977128
1728475786695,False,True,0.00057,62096.02,3903977129
1728475787219,False,True,0.00739,62096.02,3903977130
1728475788616,False,True,0.00102,62096.02,3903977131
1728475789500,False,True,0.0055,62096.02,3903977132
1728475789821,True,False,3e-05,62096.01,3903977133
1728475789821,True,False,0.0001,62096.01,3903977134
1728475790095,False,True,0.04831,62096.02,3903977135
1728475791166,False,True,0.02125,62096.02,3903977136
1728475791326,True,False,0.00019,62096.01,3903977137
1728475792129,True,False,0.00289,62096.01,3903977138
1728475792292,False,True,0.0046,62096.02,3903977139
1728475792292,False,True,0.0092,62096.02,3903977140
1728475792464,False,True,0.00035,62096.02,3903977141
1728475793166,False,True,0.02126,62096.02,3903977142
1728475794168,False,True,0.02126,62096.02,3903977143
1728475794315,True,False,0.00098,62096.01,3903977144
1728475794662,False,True,0.00032,62096.02,3903977145
1728475795704,False,True,0.00108,62096.02,3903977146
1728475796102,False,True,0.00402,62096.02,3903977147
1728475796763,False,True,0.00296,62096.02,3903977148
1728475797140,True,False,0.00029,62096.01,3903977149
1728475797340,False,True,0.00142,62096.02,3903977150
1728475797340,False,True,0.00296,62096.02,3903977151
1728475797495,False,True,0.00057,62096.02,3903977152
1728475797495,False,True,0.00158,62096.02,3903977153
1728475798113,True,False,0.00805,62096.01,3903977154
1728475798405,False,True,0.00018,62096.02,3903977155
1728475798539,False,True,0.01611,62096.02,3903977156
1728475798539,False,True,0.0001,62096.02,3903977157
1728475798539,False,True,0.1,62096.02,3903977158
1728475798539,False,True,0.0002,62096.02,3903977159
1728475798539,False,True,0.00039,62096.02,3903977160
1728475798539,False,True,0.00021,62096.02,3903977161
1728475798539,False,True,0.00027,62096.02,3903977162
1728475798539,False,True,0.0001,62096.02,3903977163
1728475798539,False,True,0.0001,62096.03,3903977164
1728475798539,False,True,0.0001,62096.03,3903977165
1728475798539,False,True,0.0001,62096.05,3903977166
1728475798539,False,True,0.0001,62096.05,3903977167
1728475798539,False,True,0.0001,62096.06,3903977168
1728475798539,False,True,9e-05,62096.06,3903977169
1728475798539,False,True,9e-05,62096.06,3903977170
1728475798539,False,True,0.0001,62096.06,3903977171
1728475798539,False,True,9e-05,62096.06,3903977172
1728475798539,False,True,9e-05,62096.06,3903977173
1728475798539,False,True,9e-05,62096.06,3903977174
1728475798539,False,True,9e-05,62096.06,3903977175
1728475798539,False,True,9e-05,62096.06,3903977176
1728475798539,False,True,9e-05,62096.06,3903977177
1728475798539,False,True,9e-05,62096.06,3903977178
1728475798539,False,True,9e-05,62096.06,3903977179
1728475798539,False,True,9e-05,62096.06,3903977180
1728475798539,False,True,9e-05,62096.06,3903977181
1728475798539,False,True,9e-05,62096.06,3903977182
1728475798539,False,True,9e-05,62096.06,3903977183
1728475798539,False,True,9e-05,62096.06,3903977184
1728475798539,False,True,9e-05,62096.06,3903977185
1728475798559,False,True,0.0001,62096.07,3903977186
1728475798559,False,True,5e-05,62096.07,3903977187
1728475798559,False,True,5e-05,62096.07,3903977188
1728475798559,False,True,0.0001,62096.09,3903977189
1728475798559,False,True,0.00015,62096.09,3903977190
1728475798559,False,True,0.00015,62096.09,3903977191
1728475798559,False,True,0.00015,62096.09,3903977192
1728475798559,False,True,0.00015,62096.09,3903977193
1728475798559,False,True,0.00015,62096.09,3903977194
1728475798559,False,True,0.00015,62096.09,3903977195
1728475798559,False,True,0.00015,62096.09,3903977196
1728475798559,False,True,0.00015,62096.09,3903977197
1728475798559,False,True,0.00015,62096.09,3903977198
1728475798559,False,True,0.00015,62096.09,3903977199
1728475798559,False,True,0.00015,62096.09,3903977200
1728475798559,False,True,0.00015,62096.09,3903977201
1728475798559,False,True,0.00015,62096.09,3903977202
1728475798559,False,True,0.00015,62096.09,3903977203
1728475798560,False,True,0.00015,62096.09,3903977204
1728475798560,False,True,0.00015,62096.09,3903977205
1728475798560,False,True,0.00015,62096.09,3903977206
1728475798560,False,True,0.00015,62096.09,3903977207
1728475798560,False,True,0.00015,62096.09,3903977208
1728475798560,False,True,0.00015,62096.09,3903977209
1728475798560,False,True,0.00015,62096.09,3903977210
1728475798576,False,True,0.0001,62096.09,3903977211
1728475798576,False,True,4e-05,62096.09,3903977212
1728475798576,False,True,6e-05,62096.09,3903977213
1728475798576,False,True,8e-05,62096.38,3903977214
1728475798576,False,True,2e-05,62096.38,3903977215
1728475798576,False,True,0.0001,62096.38,3903977216
1728475798576,False,True,2e-05,62096.44,3903977217
1728475798576,False,True,8e-05,62096.44,3903977218
1728475798576,False,True,6e-05,62096.44,3903977219
1728475798576,False,True,4e-05,62096.44,3903977220
1728475798576,False,True,0.0001,62096.5,3903977221
1728475798576,False,True,0.00014,62096.5,3903977222
1728475798576,False,True,0.00014,62096.5,3903977223
1728475798576,False,True,7e-05,62096.5,3903977224
1728475798576,False,True,7e-05,62096.5,3903977225
1728475798576,False,True,3e-05,62096.5,3903977226
1728475798576,False,True,0.0001,62096.74,3903977227
1728475798576,False,True,1e-05,62096.74,3903977228
1728475798577,False,True,9e-05,62096.74,3903977229
1728475798577,False,True,5e-05,62097.9,3903977230
1728475798577,False,True,5e-05,62097.9,3903977231
1728475798577,False,True,9e-05,62097.9,3903977232
1728475798577,False,True,1e-05,62097.9,3903977233
1728475798577,False,True,0.0001,62097.91,3903977234
1728475798577,False,True,3e-05,62097.91,3903977235
1728475798577,False,True,6e-05,62097.91,3903977236
1728475798577,False,True,8e-05,62097.91,3903977237
1728475798577,False,True,2e-05,62097.91,3903977238
1728475798577,False,True,9e-05,62097.91,3903977239
1728475798577,False,True,3e-05,62097.91,3903977240
1728475798577,False,True,6e-05,62097.91,3903977241
1728475798577,False,True,8e-05,62097.91,3903977242
1728475798577,False,True,1e-05,62097.91,3903977243
1728475798577,False,True,9e-05,62097.91,3903977244
1728475798577,False,True,4e-05,62097.91,3903977245
1728475798577,False,True,5e-05,62097.91,3903977246
1728475798577,False,True,9e-05,62097.91,3903977247
1728475798577,False,True,9e-05,62097.91,3903977248
1728475798577,False,True,5e-05,62097.91,3903977249
1728475798577,False,True,4e-05,62097.91,3903977250
1728475798577,False,True,9e-05,62097.91,3903977251
1728475798577,False,True,1e-05,62097.92,3903977252
1728475798616,False,True,0.00019,62097.92,3903977253
1728475798668,True,False,0.00154,62097.91,3903977254
1728475798763,False,True,0.0001,62097.92,3903977255
1728475798763,False,True,7e-05,62097.92,3903977256
1728475798995,False,True,0.012,62097.92,3903977257
1728475799012,False,True,0.00028,62097.92,3903977258
1728475799012,False,True,0.0001,62097.92,3903977259
1728475799012,False,True,0.0001,62097.98,3903977260
1728475799012,False,True,0.0001,62097.98,3903977261
1728475799012,False,True,0.0001,62097.99,3903977262
1728475799012,False,True,9e-05,62097.99,3903977263
1728475799012,False,True,9e-05,62097.99,3903977264
1728475799012,False,True,0.0001,62097.99,3903977265
1728475799012,False,True,9e-05,62097.99,3903977266
1728475799012,False,True,9e-05,62097.99,3903977267
1728475799012,False,True,9e-05,62097.99,3903977268
1728475799012,False,True,9e-05,62097.99,3903977269
1728475799012,False,True,9e-05,62097.99,3903977270
1728475799012,False,True,9e-05,62097.99,3903977271
1728475799012,False,True,9e-05,62097.99,3903977272
1728475799012,False,True,9e-05,62097.99,3903977273
1728475799012,False,True,0.0001,62098.0,3903977274
1728475799012,False,True,0.00071,62098.0,3903977275
1728475799012,False,True,0.0001,62098.0,3903977276
1728475799012,False,True,0.0001,62098.28,3903977277
1728475799012,False,True,9e-05,62098.28,3903977278
1728475799012,False,True,0.0001,62098.28,3903977279
1728475799012,False,True,9e-05,62098.28,3903977280
1728475799012,False,True,9e-05,62098.28,3903977281
1728475799012,False,True,9e-05,62098.28,3903977282
1728475799012,False,True,9e-05,62098.28,3903977283
1728475799012,False,True,0.00284,62098.29,3903977284
1728475799012,False,True,0.0001,62098.29,3903977285
1728475799012,False,True,0.0001,62098.29,3903977286
1728475799012,False,True,9e-05,62099.49,3903977287
1728475799012,False,True,0.0001,62099.49,3903977288
1728475799012,False,True,9e-05,62099.49,3903977289
1728475799012,False,True,0.0001,62099.49,3903977290
1728475799012,False,True,9e-05,62099.49,3903977291
1728475799012,False,True,9e-05,62099.49,3903977292
1728475799012,False,True,9e-05,62099.49,3903977293
1728475799012,False,True,9e-05,62099.49,3903977294
1728475799012,False,True,9e-05,62099.49,3903977295
1728475799012,False,True,9e-05,62099.49,3903977296
1728475799012,False,True,9e-05,62099.49,3903977297
1728475799012,False,True,9e-05,62099.49,3903977298
1728475799012,False,True,0.0001,62099.5,3903977299
1728475799012,False,True,0.0001,62099.5,3903977300
1728475799012,False,True,0.0001,62099.85,3903977301
1728475799012,False,True,9e-05,62099.85,3903977302
1728475799012,False,True,9e-05,62099.85,3903977303
1728475799012,False,True,0.00019,62099.85,3903977304
1728475799012,False,True,0.00019,62099.85,3903977305
1728475799012,False,True,0.00019,62099.85,3903977306
1728475799012,False,True,0.0001,62099.85,3903977307
1728475799012,False,True,9e-05,62099.85,3903977308
1728475799012,False,True,9e-05,62099.85,3903977309
1728475799012,False,True,9e-05,62099.85,3903977310
1728475799012,False,True,9e-05,62099.85,3903977311
1728475799012,False,True,9e-05,62099.85,3903977312
1728475799012,False,True,9e-05,62099.85,3903977313
1728475799012,False,True,9e-05,62099.85,3903977314
1728475799012,False,True,9e-05,62099.85,3903977315
1728475799012,False,True,9e-05,62099.85,3903977316
1728475799012,False,True,9e-05,62099.85,3903977317
1728475799012,False,True,9e-05,62099.85,3903977318
1728475799012,False,True,9e-05,62099.85,3903977319
1728475799012,False,True,9e-05,62099.85,3903977320
1728475799016,False,True,0.0001,62099.86,3903977321
1728475799016,False,True,3e-05,62099.86,3903977322
1728475799016,False,True,7e-05,62099.86,3903977323
1728475799016,False,True,6e-05,62099.88,3903977324
1728475799016,False,True,3e-05,62099.88,3903977325
1728475799016,False,True,0.0001,62099.88,3903977326
1728475799016,False,True,9e-05,62099.88,3903977327
1728475799016,False,True,4e-05,62099.88,3903977328
1728475799016,False,True,6e-05,62099.88,3903977329
1728475799016,False,True,7e-05,62099.88,3903977330
1728475799016,False,True,2e-05,62099.88,3903977331
1728475799016,False,True,9e-05,62099.88,3903977332
1728475799016,False,True,2e-05,62099.88,3903977333
1728475799016,False,True,7e-05,62099.88,3903977334
1728475799016,False,True,6e-05,62099.88,3903977335
1728475799016,False,True,3e-05,62099.88,3903977336
1728475799016,False,True,9e-05,62099.88,3903977337
1728475799016,False,True,1e-05,62099.88,3903977338
1728475799016,False,True,8e-05,62099.88,3903977339
1728475799016,False,True,5e-05,62099.88,3903977340
1728475799016,False,True,4e-05,62099.88,3903977341
1728475799016,False,True,9e-05,62099.88,3903977342
1728475799139,True,False,0.0001,62099.88,3903977343
1728475799356,False,True,0.02369,62099.89,3903977344
1728475799693,False,True,0.009,62099.89,3903977345
1728475799749,False,True,0.0001,62099.89,3903977346
1728475799815,True,False,0.00015,62099.88,3903977347
1728475801940,False,True,0.0001,62099.89,3903977348
1728475801991,False,True,0.00051,62099.89,3903977349
1728475802116,False,True,0.00419,62099.89,3903977350
1728475802142,False,True,0.00912,62099.89,3903977351
1728475803492,False,True,0.0238,62099.89,3903977352
1728475803589,False,True,0.02374,62099.89,3903977353
1728475803671,False,True,0.00483,62099.89,3903977354
1728475803690,False,True,0.02666,62099.89,3903977355
1728475803731,False,True,0.0036,62099.89,3903977356
1728475804116,False,True,0.0042,62099.89,3903977357
1728475804189,True,False,0.00103,62099.88,3903977358
1728475804266,False,True,0.005,62099.89,3903977359
1728475804547,False,True,0.0006,62099.89,3903977360
1728475804823,False,True,0.10954,62099.89,3903977361
1728475805116,False,True,0.0042,62099.89,3903977362
1728475805183,False,True,0.00047,62099.89,3903977363
1728475806730,True,False,0.00019,62099.88,3903977364
1728475807539,False,True,0.00013,62099.89,3903977365
1728475807738,True,False,0.0001,62099.88,3903977366
1728475808493,False,True,0.12003,62099.89,3903977367
1728475808769,False,True,0.00056,62099.89,3903977368
1728475808926,False,True,0.12373,62099.89,3903977369
1728475809791,False,True,0.03093,62099.89,3903977370
1728475810280,False,True,0.00266,62099.89,3903977371
1728475810801,False,True,0.0001,62099.89,3903977372
1728475811059,False,True,0.01572,62099.89,3903977373
1728475811066,False,True,0.01446,62099.89,3903977374
1728475811067,False,True,0.00126,62099.89,3903977375
1728475811158,False,True,0.00955,62099.89,3903977376
1728475811172,False,True,0.02532,62099.89,3903977377
1728475811172,False,True,0.0001,62099.89,3903977378
1728475811172,False,True,0.0001,62099.89,3903977379
1728475811172,False,True,0.0001,62099.89,3903977380
1728475811172,False,True,0.00048,62099.89,3903977381
1728475811172,False,True,0.00028,62099.89,3903977382
1728475811172,False,True,0.0001,62099.89,3903977383
1728475811172,False,True,0.0001,62099.89,3903977384
1728475811172,False,True,0.00613,62099.89,3903977385
1728475811172,False,True,0.0001,62099.89,3903977386
1728475811172,False,True,0.0001,62099.89,3903977387
1728475811172,False,True,0.0001,62099.89,3903977388
1728475811172,False,True,0.0001,62099.91,3903977389
1728475811172,False,True,0.0001,62099.91,3903977390
1728475811172,False,True,0.0001,62099.93,3903977391
1728475811172,False,True,0.0001,62099.93,3903977392
1728475811172,False,True,0.0001,62099.95,3903977393
1728475811172,False,True,0.0001,62099.95,3903977394
1728475811172,False,True,0.0001,62099.96,3903977395
1728475811172,False,True,0.0001,62099.96,3903977396
1728475811172,False,True,0.0001,62099.97,3903977397
1728475811172,False,True,0.0001,62099.97,3903977398
1728475811172,False,True,0.0001,62099.98,3903977399
1728475811172,False,True,0.0001,62099.98,3903977400
1728475811172,False,True,0.0001,62099.99,3903977401
1728475811172,False,True,9e-05,62099.99,3903977402
1728475811172,False,True,9e-05,62099.99,3903977403
1728475811172,False,True,0.00015,62099.99,3903977404
1728475811172,False,True,0.00015,62099.99,3903977405
1728475811172,False,True,9e-05,62099.99,3903977406
1728475811172,False,True,9e-05,62099.99,3903977407
1728475811172,False,True,0.0001,62099.99,3903977408
1728475811172,False,True,9e-05,62099.99,3903977409
1728475811172,False,True,9e-05,62099.99,3903977410
1728475811172,False,True,9e-05,62099.99,3903977411
1728475811172,False,True,9e-05,62099.99,3903977412
1728475811172,False,True,9e-05,62099.99,3903977413
1728475811172,False,True,9e-05,62099.99,3903977414
1728475811172,False,True,9e-05,62099.99,3903977415
1728475811172,False,True,9e-05,62099.99,3903977416
1728475811172,False,True,9e-05,62099.99,3903977417
1728475811172,False,True,9e-05,62099.99,3903977418
1728475811172,False,True,9e-05,62099.99,3903977419
1728475811172,False,True,9e-05,62099.99,3903977420
1728475811172,False,True,9e-05,62099.99,3903977421
1728475811172,False,True,9e-05,62099.99,3903977422
1728475811172,False,True,9e-05,62099.99,3903977423
1728475811172,False,True,9e-05,62099.99,3903977424
1728475811172,False,True,9e-05,62099.99,3903977425
1728475811172,False,True,9e-05,62099.99,3903977426
1728475811172,False,True,9e-05,62099.99,3903977427
1728475811172,False,True,9e-05,62099.99,3903977428
1728475811172,False,True,9e-05,62099.99,3903977429
1728475811172,False,True,9e-05,62099.99,3903977430
1728475811172,False,True,9e-05,62099.99,3903977431
1728475811172,False,True,9e-05,62099.99,3903977432
1728475811172,False,True,0.01,62100.0,3903977433
1728475811172,False,True,0.008,62100.0,3903977434
1728475811172,False,True,0.004,62100.0,3903977435
1728475811172,False,True,0.0002,62100.0,3903977436
1728475811172,False,True,0.0002,62100.0,3903977437
1728475811172,False,True,0.006,62100.0,3903977438
1728475811172,False,True,0.06636,62100.0,3903977439
1728475811172,False,True,0.0001,62100.0,3903977440
1728475811172,False,True,0.0001,62100.0,3903977441
1728475811172,False,True,0.0001,62100.01,3903977442
1728475811172,False,True,0.00666,62100.01,3903977443
1728475811172,False,True,0.0001,62100.01,3903977444
1728475811172,False,True,0.0001,62100.01,3903977445
1728475811172,False,True,6e-05,62100.01,3903977446
1728475811172,False,True,9e-05,62100.43,3903977447
1728475811172,False,True,9e-05,62100.43,3903977448
1728475811172,False,True,9e-05,62100.43,3903977449
1728475811172,False,True,9e-05,62100.43,3903977450
1728475811172,False,True,9e-05,62100.43,3903977451
1728475811172,False,True,9e-05,62100.43,3903977452
1728475811172,False,True,9e-05,62100.43,3903977453
1728475811172,False,True,9e-05,62100.43,3903977454
1728475811172,False,True,9e-05,62100.43,3903977455
1728475811172,False,True,9e-05,62100.43,3903977456
1728475811172,False,True,9e-05,62100.43,3903977457
1728475811172,False,True,9e-05,62100.43,3903977458
1728475811172,False,True,9e-05,62100.43,3903977459
1728475811172,False,True,9e-05,62100.43,3903977460
1728475811211,False,True,0.0001,62100.44,3903977461
1728475811211,False,True,0.00198,62100.44,3903977462
1728475811458,True,False,0.00064,62100.43,3903977463
1728475813185,True,False,0.00035,62100.43,3903977464
1728475813479,True,False,0.01289,62100.43,3903977465
1728475814430,False,True,0.00012,62100.44,3903977466
1728475814736,False,True,0.00958,62100.44,3903977467
1728475814978,True,False,0.00042,62100.43,3903977468
1728475815514,True,False,0.01805,62100.43,3903977469
1728475815711,True,False,0.0038,62100.43,3903977470
1728475815787,True,False,0.00152,62100.43,3903977471
1728475817546,False,True,0.00786,62100.44,3903977472
1728475817547,False,True,0.03145,62100.44,3903977473
1728475817547,False,True,0.01572,62100.44,3903977474
1728475817998,True,False,0.00322,62100.43,3903977475
1728475818023,True,False,0.00036,62100.43,3903977476
1728475818240,True,False,0.00201,62100.43,3903977477
1728475818501,False,True,0.00084,62100.44,3903977478
1728475818874,False,True,0.00715,62100.44,3903977479
1728475818897,False,True,0.01573,62100.44,3903977480
1728475818914,False,True,0.00599,62100.44,3903977481
1728475819094,False,True,0.00032,62100.44,3903977482
1728475820017,False,True,0.00187,62100.44,3903977483
1728475820183,False,True,0.0003,62100.44,3903977484
1728475820691,False,True,0.00019,62100.44,3903977485
1728475820790,True,False,0.00014,62100.43,3903977486
1728475822606,False,True,0.11754,62100.44,3903977487
1728475822606,False,True,0.0181,62100.44,3903977488
1728475822606,False,True,0.00011,62100.44,3903977489
1728475822606,False,True,0.3167,62100.44,3903977490
1728475822606,False,True,0.0001,62100.44,3903977491
1728475822606,False,True,0.1,62100.44,3903977492
1728475822606,False,True,0.00492,62100.44,3903977493
1728475822606,False,True,0.00068,62100.44,3903977494
1728475822606,False,True,0.00179,62100.44,3903977495
1728475822606,False,True,0.0001,62100.44,3903977496
1728475822606,False,True,0.0001,62100.47,3903977497
1728475822606,False,True,0.0001,62100.47,3903977498
1728475822606,False,True,0.0001,62100.48,3903977499
1728475822606,False,True,0.0001,62100.48,3903977500
1728475822607,False,True,0.0001,62100.71,3903977501
1728475822607,False,True,0.0001,62100.71,3903977502
1728475822607,False,True,0.0001,62100.72,3903977503
1728475822607,False,True,9e-05,62100.72,3903977504
1728475822607,False,True,9e-05,62100.72,3903977505
1728475822607,False,True,0.0001,62100.72,3903977506
1728475822607,False,True,9e-05,62100.72,3903977507
1728475822607,False,True,9e-05,62100.72,3903977508
1728475822607,False,True,9e-05,62100.72,3903977509
1728475822607,False,True,9e-05,62100.72,3903977510
1728475822607,False,True,9e-05,62100.72,3903977511
1728475822607,False,True,9e-05,62100.72,3903977512
1728475822607,False,True,9e-05,62100.72,3903977513
1728475822607,False,True,9e-05,62100.72,3903977514
1728475822607,False,True,9e-05,62100.72,3903977515
1728475822607,False,True,9e-05,62100.72,3903977516
1728475822607,False,True,9e-05,62100.72,3903977517
1728475822607,False,True,9e-05,62100.72,3903977518
1728475822607,False,True,9e-05,62100.72,3903977519
1728475822607,False,True,0.00161,62100.73,3903977520
1728475822607,False,True,0.32226,62100.73,3903977521
1728475822607,False,True,0.0001,62100.73,3903977522
1728475822607,False,True,0.0001,62100.73,3903977523
1728475822608,False,True,0.00017,62101.4,3903977524
1728475822608,False,True,0.0001,62101.4,3903977525
1728475822608,False,True,0.0001,62101.4,3903977526
1728475822608,False,True,0.0001,62101.98,3903977527
1728475822608,False,True,0.0001,62101.98,3903977528
1728475822608,False,True,0.0001,62101.99,3903977529
1728475822608,False,True,9e-05,62101.99,3903977530
1728475822608,False,True,9e-05,62101.99,3903977531
1728475822608,False,True,9e-05,62101.99,3903977532
1728475822608,False,True,0.0001,62101.99,3903977533
1728475822608,False,True,9e-05,62101.99,3903977534
1728475822608,False,True,9e-05,62101.99,3903977535
1728475822608,False,True,9e-05,62101.99,3903977536
1728475822608,False,True,9e-05,62101.99,3903977537
1728475822608,False,True,9e-05,62101.99,3903977538
1728475822608,False,True,9e-05,62101.99,3903977539
1728475822608,False,True,9e-05,62101.99,3903977540
1728475822608,False,True,9e-05,62101.99,3903977541
1728475822608,False,True,9e-05,62101.99,3903977542
1728475822608,False,True,9e-05,62101.99,3903977543
1728475822608,False,True,9e-05,62101.99,3903977544
1728475822608,False,True,9e-05,62101.99,3903977545
1728475822608,False,True,9e-05,62101.99,3903977546
1728475822608,False,True,9e-05,62101.99,3903977547
1728475822608,False,True,9e-05,62101.99,3903977548
1728475822608,False,True,9e-05,62101.99,3903977549
1728475822608,False,True,9e-05,62101.99,3903977550
1728475822608,False,True,9e-05,62101.99,3903977551
1728475822608,False,True,9e-05,62101.99,3903977552
1728475822608,False,True,9e-05,62101.99,3903977553
1728475822608,False,True,9e-05,62101.99,3903977554
1728475822608,False,True,9e-05,62101.99,3903977555
1728475822608,False,True,9e-05,62101.99,3903977556
1728475822608,False,True,9e-05,62101.99,3903977557
1728475822608,False,True,9e-05,62101.99,3903977558
1728475822608,False,True,9e-05,62101.99,3903977559
1728475822608,False,True,9e-05,62101.99,3903977560
1728475822608,False,True,0.004,62102.0,3903977561
1728475822608,False,True,0.0002,62102.0,3903977562
1728475822608,False,True,0.01,62102.0,3903977563
1728475822608,False,True,0.008,62102.0,3903977564
1728475822608,False,True,0.0002,62102.0,3903977565
1728475822608,False,True,0.00337,62102.0,3903977566
1728475822609,False,True,0.00263,62102.0,3903977567
1728475822609,False,True,0.0001,62102.0,3903977568
1728475822609,False,True,0.0001,62102.0,3903977569
1728475822609,False,True,0.00161,62102.65,3903977570
1728475822609,False,True,0.0001,62102.65,3903977571
1728475822609,False,True,0.0001,62102.65,3903977572
1728475822615,False,True,9e-05,62103.98,3903977573
1728475822615,False,True,4e-05,62103.98,3903977574
1728475822615,False,True,6e-05,62103.98,3903977575
1728475822615,False,True,7e-05,62103.98,3903977576
1728475822615,False,True,2e-05,62103.98,3903977577
1728475822615,False,True,9e-05,62103.98,3903977578
1728475822615,False,True,2e-05,62103.98,3903977579
1728475822615,False,True,8e-05,62103.98,3903977580
1728475822615,False,True,5e-05,62103.98,3903977581
1728475822615,False,True,4e-05,62103.98,3903977582
1728475822615,False,True,9e-05,62103.98,3903977583
1728475822615,False,True,9e-05,62103.98,3903977584
1728475822615,False,True,4e-05,62103.98,3903977585
1728475822615,False,True,5e-05,62103.98,3903977586
1728475822615,False,True,8e-05,62103.98,3903977587
1728475822615,False,True,1e-05,62103.98,3903977588
1728475822615,False,True,9e-05,62103.98,3903977589
1728475822615,False,True,3e-05,62103.98,3903977590
1728475822615,False,True,6e-05,62103.98,3903977591
1728475822615,False,True,7e-05,62103.98,3903977592
1728475822615,False,True,2e-05,62103.98,3903977593
1728475822615,False,True,9e-05,62103.98,3903977594
1728475822615,False,True,2e-05,62103.98,3903977595
1728475822615,False,True,7e-05,62103.98,3903977596
1728475822615,False,True,6e-05,62103.98,3903977597
1728475822615,False,True,3e-05,62103.98,3903977598
1728475822615,False,True,9e-05,62103.98,3903977599
1728475822615,False,True,1e-05,62103.98,3903977600
1728475822615,False,True,8e-05,62103.98,3903977601
1728475822615,False,True,5e-05,62103.98,3903977602
1728475822615,False,True,4e-05,62103.98,3903977603
1728475822615,False,True,9e-05,62103.98,3903977604
1728475822615,False,True,9e-05,62103.98,3903977605
1728475822615,False,True,4e-05,62103.98,3903977606
1728475822615,False,True,5e-05,62103.98,3903977607
1728475822615,False,True,8e-05,62103.99,3903977608
1728475822631,False,True,0.0001,62103.99,3903977609
1728475822631,False,True,9e-05,62103.99,3903977610
1728475822631,False,True,9e-05,62103.99,3903977611
1728475822631,False,True,9e-05,62103.99,3903977612
1728475822631,False,True,9e-05,62103.99,3903977613
1728475822631,False,True,0.0001,62103.99,3903977614
1728475822631,False,True,9e-05,62103.99,3903977615
1728475822631,False,True,9e-05,62103.99,3903977616
1728475822631,False,True,9e-05,62103.99,3903977617
1728475822631,False,True,9e-05,62103.99,3903977618
1728475822631,False,True,9e-05,62103.99,3903977619
1728475822631,False,True,9e-05,62103.99,3903977620
1728475822631,False,True,9e-05,62103.99,3903977621
1728475822631,False,True,9e-05,62103.99,3903977622
1728475822631,False,True,9e-05,62103.99,3903977623
1728475822631,False,True,9e-05,62103.99,3903977624
1728475822631,False,True,9e-05,62103.99,3903977625
1728475822631,False,True,9e-05,62103.99,3903977626
1728475822631,False,True,9e-05,62103.99,3903977627
1728475822631,False,True,9e-05,62103.99,3903977628
1728475822631,False,True,9e-05,62103.99,3903977629
1728475822631,False,True,9e-05,62103.99,3903977630
1728475822631,False,True,9e-05,62103.99,3903977631
1728475822631,False,True,9e-05,62103.99,3903977632
1728475822631,False,True,9e-05,62103.99,3903977633
1728475822635,False,True,0.00012,62104.0,3903977634
1728475822667,False,True,0.00123,62104.0,3903977635
1728475822667,False,True,0.00265,62104.0,3903977636
1728475822667,False,True,0.0002,62104.0,3903977637
1728475822667,False,True,0.01,62104.0,3903977638
1728475822667,False,True,0.008,62104.0,3903977639
1728475822667,False,True,0.0002,62104.0,3903977640
1728475822667,False,True,0.00495,62104.0,3903977641
1728475822667,False,True,0.00105,62104.0,3903977642
1728475822667,False,True,0.0001,62104.0,3903977643
1728475822667,False,True,0.149,62104.0,3903977644
1728475822667,False,True,0.0001,62104.0,3903977645
1728475822667,False,True,0.0001,62104.5,3903977646
1728475822667,False,True,0.0003,62104.5,3903977647
1728475822667,False,True,0.0001,62104.5,3903977648
1728475822667,False,True,0.00017,62104.51,3903977649
1728475822667,False,True,0.0001,62104.51,3903977650
1728475822667,False,True,0.0001,62104.51,3903977651
1728475822667,False,True,0.0001,62105.61,3903977652
1728475822667,False,True,0.0001,62105.61,3903977653
1728475822667,False,True,0.0001,62105.62,3903977654
1728475822667,False,True,0.0001,62105.62,3903977655
1728475822667,False,True,0.00014,62105.96,3903977656
1728475822667,False,True,0.0001,62105.96,3903977657
1728475822667,False,True,0.0001,62105.96,3903977658
1728475822667,False,True,9e-05,62105.99,3903977659
1728475822667,False,True,0.0001,62105.99,3903977660
1728475822667,False,True,0.00795,62105.99,3903977661
1728475822668,False,True,0.05236,62105.99,3903977662
1728475822668,False,True,9e-05,62105.99,3903977663
1728475822668,False,True,9e-05,62105.99,3903977664
1728475822668,False,True,9e-05,62105.99,3903977665
1728475822668,False,True,0.0001,62105.99,3903977666
1728475822668,False,True,9e-05,62105.99,3903977667
1728475822668,False,True,9e-05,62105.99,3903977668
1728475822668,False,True,9e-05,62105.99,3903977669
1728475822668,False,True,9e-05,62105.99,3903977670
1728475822668,False,True,9e-05,62105.99,3903977671
1728475822668,False,True,9e-05,62105.99,3903977672
1728475822668,False,True,9e-05,62105.99,3903977673
1728475822668,False,True,9e-05,62105.99,3903977674
1728475822668,False,True,9e-05,62105.99,3903977675
1728475822668,False,True,9e-05,62105.99,3903977676
1728475822668,False,True,9e-05,62105.99,3903977677
1728475822668,False,True,9e-05,62105.99,3903977678
1728475822668,False,True,9e-05,62105.99,3903977679
1728475822668,False,True,9e-05,62105.99,3903977680
1728475822668,False,True,9e-05,62105.99,3903977681
1728475822668,False,True,9e-05,62105.99,3903977682
1728475822668,False,True,9e-05,62105.99,3903977683
1728475822668,False,True,9e-05,62105.99,3903977684
1728475822668,False,True,9e-05,62105.99,3903977685
1728475822668,False,True,9e-05,62105.99,3903977686
1728475822668,False,True,9e-05,62105.99,3903977687
1728475822668,False,True,0.004,62106.0,3903977688
1728475822668,False,True,0.0002,62106.0,3903977689
1728475822668,False,True,0.01,62106.0,3903977690
1728475822668,False,True,0.008,62106.0,3903977691
1728475822668,False,True,0.0002,62106.0,3903977692
1728475822668,False,True,0.006,62106.0,3903977693
1728475822668,False,True,0.0001,62106.0,3903977694
1728475822668,False,True,0.0001,62106.0,3903977695
1728475822668,False,True,0.0001,62106.07,3903977696
1728475822668,False,True,0.0001,62106.07,3903977697
1728475822668,False,True,0.0001,62106.36,3903977698
1728475822668,False,True,0.0001,62106.36,3903977699
1728475822668,False,True,0.00017,62106.7,3903977700
1728475822668,False,True,9e-05,62107.49,3903977701
1728475822668,False,True,9e-05,62107.49,3903977702
1728475822668,False,True,9e-05,62107.49,3903977703
1728475822668,False,True,9e-05,62107.49,3903977704
1728475822668,False,True,9e-05,62107.49,3903977705
1728475822668,False,True,9e-05,62107.49,3903977706
1728475822668,False,True,9e-05,62107.49,3903977707
1728475822668,False,True,9e-05,62107.49,3903977708
1728475822668,False,True,9e-05,62107.49,3903977709
1728475822668,False,True,9e-05,62107.49,3903977710
1728475822668,False,True,0.0644,62107.5,3903977711
1728475822668,False,True,0.01091,62107.5,3903977712
1728475822668,False,True,0.05349,62107.5,3903977713
1728475822668,False,True,0.00017,62107.61,3903977714
1728475822668,False,True,9e-05,62107.99,3903977715
1728475822668,False,True,9e-05,62107.99,3903977716
1728475822668,False,True,9e-05,62107.99,3903977717
1728475822668,False,True,7e-05,62107.99,3903977718
1728475822714,False,True,0.0001,62107.99,3903977719
1728475822714,False,True,0.02804,62107.99,3903977720
1728475822714,False,True,9e-05,62107.99,3903977721
1728475822714,False,True,0.01977,62107.99,3903977722
1728475822776,False,True,0.0001,62107.99,3903977723
1728475822776,False,True,3e-05,62107.99,3903977724
1728475822776,False,True,9e-05,62107.99,3903977725
1728475822776,False,True,4e-05,62107.99,3903977726
1728475822776,False,True,5e-05,62107.99,3903977727
1728475822776,False,True,8e-05,62107.99,3903977728
1728475822776,False,True,1e-05,62107.99,3903977729
1728475822776,False,True,9e-05,62107.99,3903977730
1728475822776,False,True,3e-05,62107.99,3903977731
1728475822776,False,True,6e-05,62107.99,3903977732
1728475822776,False,True,7e-05,62107.99,3903977733
1728475822776,False,True,2e-05,62107.99,3903977734
1728475822776,False,True,9e-05,62107.99,3903977735
1728475822776,False,True,2e-05,62107.99,3903977736
1728475822776,False,True,7e-05,62107.99,3903977737
1728475822776,False,True,6e-05,62107.99,3903977738
1728475822776,False,True,3e-05,62107.99,3903977739
1728475822776,False,True,9e-05,62107.99,3903977740
1728475822776,False,True,1e-05,62108.0,3903977741
1728475822803,False,True,0.00399,62108.0,3903977742
1728475822803,False,True,0.0002,62108.0,3903977743
1728475822803,False,True,0.01,62108.0,3903977744
1728475822803,False,True,0.008,62108.0,3903977745
1728475822803,False,True,0.0002,62108.0,3903977746
1728475822803,False,True,0.006,62108.0,3903977747
1728475822803,False,True,0.0001,62108.0,3903977748
1728475822803,False,True,0.00336,62108.0,3903977749
1728475822803,False,True,0.0001,62108.0,3903977750
1728475822803,False,True,0.0001,62108.53,3903977751
1728475822803,False,True,0.0001,62108.53,3903977752
1728475822803,False,True,0.0001,62108.54,3903977753
1728475822803,False,True,0.0001,62108.54,3903977754
1728475822803,False,True,0.0001,62108.59,3903977755
1728475822803,False,True,0.0001,62108.59,3903977756
1728475822840,True,False,0.00015,62109.94,3903977757
1728475822840,False,True,9e-05,62109.95,3903977758
1728475822840,False,True,0.0001,62109.95,3903977759
1728475822840,False,True,9e-05,62109.95,3903977760
1728475822840,False,True,9e-05,62109.95,3903977761
1728475822840,False,True,9e-05,62109.95,3903977762
1728475822840,False,True,9e-05,62109.95,3903977763
1728475822840,False,True,0.0001,62109.95,3903977764
1728475822840,False,True,9e-05,62109.95,3903977765
1728475822840,False,True,9e-05,62109.95,3903977766
1728475822840,False,True,9e-05,62109.95,3903977767
1728475822840,False,True,9e-05,62109.95,3903977768
1728475822840,False,True,9e-05,62109.95,3903977769
1728475822840,False,True,9e-05,62109.95,3903977770
1728475822840,False,True,9e-05,62109.95,3903977771
1728475822840,False,True,9e-05,62109.95,3903977772
1728475822840,False,True,9e-05,62109.95,3903977773
1728475822840,False,True,9e-05,62109.95,3903977774
1728475822840,False,True,9e-05,62109.95,3903977775
1728475822840,False,True,9e-05,62109.95,3903977776
1728475822840,False,True,9e-05,62109.95,3903977777
1728475822840,False,True,9e-05,62109.95,3903977778
1728475822840,False,True,9e-05,62109.95,3903977779
1728475822840,False,True,9e-05,62109.95,3903977780
1728475822840,False,True,9e-05,62109.95,3903977781
1728475822840,False,True,9e-05,62109.95,3903977782
1728475822840,False,True,9e-05,62109.95,3903977783
1728475822840,False,True,9e-05,62109.95,3903977784
1728475822840,False,True,9e-05,62109.95,3903977785
1728475822840,False,True,9e-05,62109.95,3903977786
1728475822840,False,True,9e-05,62109.95,3903977787
1728475822840,False,True,0.0001,62109.96,3903977788
1728475822840,False,True,9e-05,62109.96,3903977789
1728475822840,False,True,0.0001,62109.96,3903977790
1728475822840,False,True,9e-05,62109.96,3903977791
1728475822840,False,True,9e-05,62109.96,3903977792
1728475822840,False,True,9e-05,62109.96,3903977793
1728475822840,False,True,9e-05,62109.96,3903977794
1728475822840,False,True,9e-05,62109.96,3903977795
1728475822840,False,True,9e-05,62109.96,3903977796
1728475822840,False,True,9e-05,62109.96,3903977797
1728475822840,False,True,9e-05,62109.96,3903977798
1728475822840,False,True,9e-05,62109.96,3903977799
1728475822840,False,True,0.01618,62109.97,3903977800
1728475822841,False,True,0.00012,62109.97,3903977801
1728475822855,False,True,0.0001,62109.97,3903977802
1728475822855,False,True,3e-05,62109.97,3903977803
1728475822855,False,True,7e-05,62109.97,3903977804
1728475822855,False,True,6e-05,62109.99,3903977805
1728475822876,False,True,4e-05,62109.99,3903977806
1728475822876,False,True,9e-05,62109.99,3903977807
1728475822876,False,True,9e-05,62109.99,3903977808
1728475822876,False,True,4e-05,62109.99,3903977809
1728475822876,False,True,6e-05,62109.99,3903977810
1728475822876,False,True,7e-05,62109.99,3903977811
1728475822876,False,True,2e-05,62109.99,3903977812
1728475822876,False,True,9e-05,62109.99,3903977813
1728475822876,False,True,2e-05,62109.99,3903977814
1728475822876,False,True,7e-05,62109.99,3903977815
1728475822876,False,True,6e-05,62109.99,3903977816
1728475822876,False,True,3e-05,62109.99,3903977817
1728475822876,False,True,9e-05,62109.99,3903977818
1728475822876,False,True,1e-05,62109.99,3903977819
1728475822876,False,True,8e-05,62109.99,3903977820
1728475822876,False,True,5e-05,62109.99,3903977821
1728475822876,False,True,4e-05,62109.99,3903977822
1728475822876,False,True,9e-05,62109.99,3903977823
1728475822876,False,True,9e-05,62109.99,3903977824
1728475822876,False,True,4e-05,62109.99,3903977825
1728475822876,False,True,5e-05,62109.99,3903977826
1728475822876,False,True,8e-05,62109.99,3903977827
1728475822876,False,True,1e-05,62109.99,3903977828
1728475822876,False,True,9e-05,62109.99,3903977829
1728475822876,False,True,3e-05,62109.99,3903977830
1728475822876,False,True,6e-05,62109.99,3903977831
1728475822876,False,True,7e-05,62109.99,3903977832
1728475822876,False,True,2e-05,62109.99,3903977833
1728475822876,False,True,9e-05,62109.99,3903977834
1728475822876,False,True,2e-05,62109.99,3903977835
1728475822876,False,True,7e-05,62109.99,3903977836
1728475822876,False,True,6e-05,62109.99,3903977837
1728475822876,False,True,3e-05,62109.99,3903977838
1728475822876,False,True,9e-05,62109.99,3903977839
1728475822876,False,True,1e-05,62110.0,3903977840
1728475823016,False,True,0.09562,62110.0,3903977841
1728475823016,False,True,0.004,62110.0,3903977842
1728475823016,False,True,0.0002,62110.0,3903977843
1728475823016,False,True,0.006,62110.0,3903977844
1728475823016,False,True,0.01,62110.0,3903977845
1728475823016,False,True,0.008,62110.0,3903977846
1728475823016,False,True,0.0002,62110.0,3903977847
1728475823016,False,True,0.0001,62110.0,3903977848
1728475823016,False,True,0.00262,62110.0,3903977849
1728475823016,False,True,0.00019,62110.0,3903977850
1728475823016,False,True,0.0001,62110.0,3903977851
1728475823016,False,True,0.00017,62110.72,3903977852
1728475823016,False,True,0.0001,62110.72,3903977853
1728475823016,False,True,0.0001,62110.72,3903977854
1728475823016,False,True,0.0001,62110.9,3903977855
1728475823016,False,True,0.0001,62110.9,3903977856
1728475823016,False,True,0.0001,62111.13,3903977857
1728475823016,False,True,0.0001,62111.13,3903977858
1728475823016,False,True,0.0001,62111.14,3903977859
1728475823016,False,True,0.0001,62111.14,3903977860
1728475823016,False,True,9e-05,62111.63,3903977861
1728475823016,False,True,9e-05,62111.63,3903977862
1728475823016,False,True,0.0001,62111.63,3903977863
1728475823016,False,True,9e-05,62111.63,3903977864
1728475823016,False,True,9e-05,62111.63,3903977865
1728475823016,False,True,9e-05,62111.63,3903977866
1728475823016,False,True,0.0001,62111.63,3903977867
1728475823016,False,True,9e-05,62111.63,3903977868
1728475823016,False,True,9e-05,62111.63,3903977869
1728475823016,False,True,9e-05,62111.63,3903977870
1728475823016,False,True,9e-05,62111.63,3903977871
1728475823016,False,True,9e-05,62111.63,3903977872
1728475823016,False,True,9e-05,62111.63,3903977873
1728475823016,False,True,9e-05,62111.63,3903977874
1728475823016,False,True,9e-05,62111.63,3903977875
1728475823016,False,True,9e-05,62111.63,3903977876
1728475823016,False,True,9e-05,62111.63,3903977877
1728475823016,False,True,9e-05,62111.63,3903977878
1728475823016,False,True,9e-05,62111.63,3903977879
1728475823016,False,True,9e-05,62111.63,3903977880
1728475823133,False,True,0.0001,62111.64,3903977881
1728475823133,False,True,2e-05,62111.64,3903977882
1728475823133,False,True,8e-05,62111.64,3903977883
1728475823133,False,True,4e-05,62111.67,3903977884
1728475823133,False,True,6e-05,62111.67,3903977885
1728475823133,False,True,6e-05,62111.67,3903977886
1728475823133,False,True,4e-05,62111.67,3903977887
1728475823133,False,True,8e-05,62111.87,3903977888
1728475823133,False,True,2e-05,62111.87,3903977889
1728475823133,False,True,0.0001,62111.87,3903977890
1728475823133,False,True,0.0001,62111.98,3903977891
1728475823133,False,True,2e-05,62111.98,3903977892
1728475823133,False,True,8e-05,62111.98,3903977893
1728475823133,False,True,4e-05,62111.99,3903977894
1728475823133,False,True,6e-05,62111.99,3903977895
1728475823133,False,True,6e-05,62111.99,3903977896
1728475823133,False,True,3e-05,62111.99,3903977897
1728475823133,False,True,9e-05,62111.99,3903977898
1728475823133,False,True,1e-05,62111.99,3903977899
1728475823133,False,True,9e-05,62111.99,3903977900
1728475823133,False,True,2e-05,62111.99,3903977901
1728475823133,False,True,7e-05,62111.99,3903977902
1728475823133,False,True,5e-05,62111.99,3903977903
1728475823133,False,True,4e-05,62111.99,3903977904
1728475823133,False,True,8e-05,62111.99,3903977905
1728475823133,False,True,1e-05,62111.99,3903977906
1728475823133,False,True,9e-05,62111.99,3903977907
1728475823133,False,True,2e-05,62111.99,3903977908
1728475823133,False,True,7e-05,62111.99,3903977909
1728475823133,False,True,5e-05,62111.99,3903977910
1728475823133,False,True,4e-05,62111.99,3903977911
1728475823133,False,True,8e-05,62111.99,3903977912
1728475823133,False,True,1e-05,62111.99,3903977913
1728475823133,False,True,9e-05,62111.99,3903977914
1728475823133,False,True,2e-05,62111.99,3903977915
1728475823133,False,True,7e-05,62111.99,3903977916
1728475823133,False,True,5e-05,62111.99,3903977917
1728475823134,False,True,4e-05,62111.99,3903977918
1728475823134,False,True,8e-05,62111.99,3903977919
1728475823134,False,True,1e-05,62111.99,3903977920
1728475823134,False,True,9e-05,62111.99,3903977921
1728475823134,False,True,2e-05,62111.99,3903977922
1728475823134,False,True,7e-05,62111.99,3903977923
1728475823134,False,True,5e-05,62111.99,3903977924
1728475823134,False,True,4e-05,62111.99,3903977925
1728475823134,False,True,8e-05,62111.99,3903977926
1728475823134,False,True,1e-05,62111.99,3903977927
1728475823134,False,True,9e-05,62111.99,3903977928
1728475823134,False,True,2e-05,62111.99,3903977929
1728475823150,False,True,0.0001,62111.99,3903977930
1728475823150,False,True,1e-05,62111.99,3903977931
1728475823150,False,True,9e-05,62111.99,3903977932
1728475823150,False,True,2e-05,62111.99,3903977933
1728475823150,False,True,8e-05,62111.99,3903977934
1728475823150,False,True,3e-05,62111.99,3903977935
1728475823150,False,True,6e-05,62111.99,3903977936
1728475823150,False,True,5e-05,62111.99,3903977937
1728475823150,False,True,4e-05,62111.99,3903977938
1728475823150,False,True,7e-05,62111.99,3903977939
1728475823150,False,True,2e-05,62111.99,3903977940
1728475823150,False,True,9e-05,62111.99,3903977941
1728475823150,False,True,9e-05,62111.99,3903977942
1728475823150,False,True,2e-05,62111.99,3903977943
1728475823150,False,True,7e-05,62111.99,3903977944
1728475823150,False,True,4e-05,62111.99,3903977945
1728475823150,False,True,5e-05,62111.99,3903977946
1728475823150,False,True,6e-05,62111.99,3903977947
1728475823150,False,True,3e-05,62111.99,3903977948
1728475823150,False,True,8e-05,62111.99,3903977949
1728475823151,False,True,1e-05,62111.99,3903977950
1728475823151,False,True,0.0001,62112.0,3903977951
1728475823216,False,True,0.0099,62112.0,3903977952
1728475823216,False,True,0.008,62112.0,3903977953
1728475823216,False,True,0.004,62112.0,3903977954
1728475823216,False,True,0.0002,62112.0,3903977955
1728475823216,False,True,0.0002,62112.0,3903977956
1728475823216,False,True,0.006,62112.0,3903977957
1728475823216,False,True,0.00381,62112.0,3903977958
1728475823216,False,True,0.0001,62112.0,3903977959
1728475823216,False,True,0.0001,62112.0,3903977960
1728475823216,False,True,0.0001,62112.77,3903977961
1728475823216,False,True,9e-05,62112.77,3903977962
1728475823216,False,True,9e-05,62112.77,3903977963
1728475823216,False,True,9e-05,62112.77,3903977964
1728475823216,False,True,0.0001,62112.77,3903977965
1728475823216,False,True,9e-05,62112.77,3903977966
1728475823216,False,True,9e-05,62112.77,3903977967
1728475823216,False,True,9e-05,62112.77,3903977968
1728475823216,False,True,9e-05,62112.77,3903977969
1728475823216,False,True,9e-05,62112.77,3903977970
1728475823216,False,True,9e-05,62112.77,3903977971
1728475823216,False,True,9e-05,62112.77,3903977972
1728475823216,False,True,9e-05,62112.77,3903977973
1728475823216,False,True,9e-05,62112.77,3903977974
1728475823216,False,True,9e-05,62112.77,3903977975
1728475823216,False,True,9e-05,62112.77,3903977976
1728475823216,False,True,9e-05,62112.77,3903977977
1728475823216,False,True,9e-05,62112.77,3903977978
1728475823216,False,True,9e-05,62112.77,3903977979
1728475823216,False,True,9e-05,62112.77,3903977980
1728475823235,False,True,0.0001,62112.78,3903977981
1728475823235,False,True,1e-05,62112.78,3903977982
1728475823236,False,True,9e-05,62112.78,3903977983
1728475823236,False,True,2e-05,62112.86,3903977984
1728475823236,False,True,8e-05,62112.86,3903977985
1728475823236,False,True,3e-05,62112.86,3903977986
1728475823236,False,True,7e-05,62112.86,3903977987
1728475823236,False,True,4e-05,62112.87,3903977988
1728475823236,False,True,6e-05,62112.87,3903977989
1728475823236,False,True,5e-05,62112.87,3903977990
1728475823236,False,True,5e-05,62112.87,3903977991
1728475823236,False,True,6e-05,62113.0,3903977992
1728475823308,False,True,0.0001,62113.0,3903977993
1728475823308,False,True,1e-05,62113.0,3903977994
1728475823308,False,True,9e-05,62113.0,3903977995
1728475823308,False,True,2e-05,62113.0,3903977996
1728475823308,False,True,8e-05,62113.0,3903977997
1728475823308,False,True,3e-05,62113.0,3903977998
1728475823308,False,True,0.00011,62113.0,3903977999
1728475823308,False,True,0.00011,62113.0,3903978000
1728475823308,False,True,0.00011,62113.0,3903978001
1728475823308,False,True,0.00011,62113.0,3903978002
1728475823308,False,True,0.00011,62113.0,3903978003
1728475823308,False,True,0.00011,62113.0,3903978004
1728475823308,False,True,0.00011,62113.0,3903978005
1728475823308,False,True,0.00011,62113.0,3903978006
1728475823308,False,True,0.00011,62113.0,3903978007
1728475823308,False,True,0.00011,62113.0,3903978008
1728475823308,False,True,0.0001,62113.0,3903978009
1728475823308,False,True,1e-05,62113.0,3903978010
1728475823308,False,True,9e-05,62113.0,3903978011
1728475823308,False,True,2e-05,62113.0,3903978012
1728475823308,False,True,8e-05,62113.0,3903978013
1728475823308,False,True,3e-05,62113.0,3903978014
1728475823308,False,True,7e-05,62113.0,3903978015
1728475823308,False,True,4e-05,62113.57,3903978016
1728475823315,False,True,5e-05,62113.57,3903978017
1728475823315,False,True,5e-05,62113.57,3903978018
1728475823315,False,True,4e-05,62113.57,3903978019
1728475823315,False,True,6e-05,62113.57,3903978020
1728475823315,False,True,4e-05,62113.57,3903978021
1728475823315,False,True,6e-05,62113.57,3903978022
1728475823315,False,True,3e-05,62113.57,3903978023
1728475823315,False,True,7e-05,62113.57,3903978024
1728475823315,False,True,2e-05,62113.57,3903978025
1728475823315,False,True,8e-05,62113.57,3903978026
1728475823315,False,True,2e-05,62113.57,3903978027
1728475823315,False,True,8e-05,62113.57,3903978028
1728475823315,False,True,1e-05,62113.57,3903978029
1728475823315,False,True,9e-05,62113.57,3903978030
1728475823315,False,True,9e-05,62113.57,3903978031
1728475823315,False,True,1e-05,62113.57,3903978032
1728475823315,False,True,8e-05,62113.57,3903978033
1728475823315,False,True,2e-05,62113.57,3903978034
1728475823315,False,True,7e-05,62113.57,3903978035
1728475823315,False,True,3e-05,62113.57,3903978036
1728475823315,False,True,6e-05,62113.57,3903978037
1728475823315,False,True,4e-05,62113.57,3903978038
1728475823315,False,True,5e-05,62113.57,3903978039
1728475823315,False,True,5e-05,62113.57,3903978040
1728475823315,False,True,4e-05,62113.57,3903978041
1728475823315,False,True,6e-05,62113.57,3903978042
1728475823315,False,True,3e-05,62113.57,3903978043
1728475823315,False,True,7e-05,62113.57,3903978044
1728475823315,False,True,2e-05,62113.57,3903978045
1728475823315,False,True,8e-05,62113.57,3903978046
1728475823315,False,True,1e-05,62113.57,3903978047
1728475823315,False,True,9e-05,62113.57,3903978048
1728475823315,False,True,9e-05,62113.57,3903978049
1728475823315,False,True,1e-05,62113.57,3903978050
1728475823315,False,True,8e-05,62113.57,3903978051
1728475823315,False,True,2e-05,62113.57,3903978052
1728475823316,False,True,7e-05,62113.57,3903978053
1728475823316,False,True,3e-05,62113.57,3903978054
1728475823316,False,True,6e-05,62113.57,3903978055
1728475823316,False,True,4e-05,62113.58,3903978056
1728475823316,False,True,6e-05,62113.58,3903978057
1728475823316,False,True,9e-05,62113.58,3903978058
1728475823316,False,True,9e-05,62113.58,3903978059
1728475823316,False,True,0.0001,62113.58,3903978060
1728475823316,False,True,9e-05,62113.58,3903978061
1728475823316,False,True,9e-05,62113.58,3903978062
1728475823316,False,True,9e-05,62113.58,3903978063
1728475823316,False,True,9e-05,62113.58,3903978064
1728475823316,False,True,9e-05,62113.58,3903978065
1728475823316,False,True,9e-05,62113.58,3903978066
1728475823316,False,True,0.0001,62113.59,3903978067
1728475823351,True,False,0.01041,62113.58,3903978068
1728475823440,True,False,0.00911,62113.58,3903978069
1728475823504,False,True,0.00151,62113.59,3903978070
1728475823504,False,True,0.00249,62113.59,3903978071
1728475823738,True,False,0.04634,62113.58,3903978072
1728475823873,False,True,0.00395,62113.59,3903978073
1728475825162,False,True,0.00822,62113.59,3903978074
1728475825289,False,True,0.0322,62113.59,3903978075
1728475825306,False,True,0.0001,62113.59,3903978076
1728475825306,False,True,0.0001,62113.59,3903978077
1728475825306,False,True,0.0001,62113.59,3903978078
1728475825306,False,True,0.0001,62113.59,3903978079
1728475825306,False,True,0.0001,62113.59,3903978080
1728475825306,False,True,0.0001,62113.59,3903978081
1728475825306,False,True,0.0001,62113.59,3903978082
1728475825306,False,True,6e-05,62113.59,3903978083
1728475825306,False,True,4e-05,62113.63,3903978084
1728475825306,False,True,0.0001,62113.63,3903978085
1728475825306,False,True,0.0001,62113.63,3903978086
1728475825306,False,True,0.0001,62113.63,3903978087
1728475825306,False,True,0.0001,62113.63,3903978088
1728475825306,False,True,4e-05,62113.63,3903978089
1728475825306,False,True,6e-05,62113.63,3903978090
1728475825306,False,True,4e-05,62113.63,3903978091
1728475825306,False,True,6e-05,62113.63,3903978092
1728475825306,False,True,4e-05,62113.63,3903978093
1728475825306,False,True,6e-05,62113.82,3903978094
1728475825306,False,True,0.0001,62113.82,3903978095
1728475825306,False,True,1e-05,62113.82,3903978096
1728475825306,False,True,9e-05,62113.82,3903978097
1728475825306,False,True,1e-05,62113.82,3903978098
1728475825306,False,True,9e-05,62113.82,3903978099
1728475825306,False,True,1e-05,62113.82,3903978100
1728475825306,False,True,9e-05,62113.98,3903978101
1728475825306,False,True,1e-05,62113.98,3903978102
1728475825306,False,True,9e-05,62113.98,3903978103
1728475825306,False,True,1e-05,62113.98,3903978104
1728475825306,False,True,9e-05,62113.99,3903978105
1728475825320,False,True,1e-05,62113.99,3903978106
1728475825320,False,True,8e-05,62113.99,3903978107
1728475825320,False,True,5e-05,62113.99,3903978108
1728475825320,False,True,4e-05,62113.99,3903978109
1728475825320,False,True,9e-05,62113.99,3903978110
1728475825320,False,True,5e-05,62113.99,3903978111
1728475825320,False,True,4e-05,62113.99,3903978112
1728475825320,False,True,9e-05,62113.99,3903978113
1728475825320,False,True,5e-05,62113.99,3903978114
1728475825320,False,True,4e-05,62113.99,3903978115
1728475825320,False,True,5e-05,62113.99,3903978116
1728475825320,False,True,4e-05,62113.99,3903978117
1728475825320,False,True,6e-05,62113.99,3903978118
1728475825320,False,True,3e-05,62113.99,3903978119
1728475825320,False,True,6e-05,62113.99,3903978120
1728475825320,False,True,3e-05,62113.99,3903978121
1728475825320,False,True,6e-05,62113.99,3903978122
1728475825320,False,True,3e-05,62113.99,3903978123
1728475825320,False,True,6e-05,62113.99,3903978124
1728475825320,False,True,3e-05,62113.99,3903978125
1728475825320,False,True,6e-05,62113.99,3903978126
1728475825320,False,True,3e-05,62113.99,3903978127
1728475825320,False,True,6e-05,62113.99,3903978128
1728475825320,False,True,3e-05,62113.99,3903978129
1728475825320,False,True,6e-05,62113.99,3903978130
1728475825320,False,True,3e-05,62113.99,3903978131
1728475825321,False,True,6e-05,62113.99,3903978132
1728475825321,False,True,3e-05,62113.99,3903978133
1728475825321,False,True,6e-05,62113.99,3903978134
1728475825321,False,True,3e-05,62113.99,3903978135
1728475825321,False,True,6e-05,62113.99,3903978136
1728475825321,False,True,3e-05,62113.99,3903978137
1728475825321,False,True,6e-05,62113.99,3903978138
1728475825321,False,True,3e-05,62113.99,3903978139
1728475825321,False,True,6e-05,62113.99,3903978140
1728475825321,False,True,3e-05,62113.99,3903978141
1728475825321,False,True,6e-05,62113.99,3903978142
1728475825321,False,True,3e-05,62113.99,3903978143
1728475825321,False,True,6e-05,62113.99,3903978144
1728475825321,False,True,3e-05,62113.99,3903978145
1728475825321,False,True,6e-05,62113.99,3903978146
1728475825321,False,True,3e-05,62113.99,3903978147
1728475825328,False,True,6e-05,62113.99,3903978148
1728475825328,False,True,3e-05,62113.99,3903978149
1728475825328,False,True,6e-05,62113.99,3903978150
1728475825328,False,True,3e-05,62113.99,3903978151
1728475825328,False,True,7e-05,62113.99,3903978152
1728475825328,False,True,2e-05,62113.99,3903978153
1728475825329,False,True,8e-05,62113.99,3903978154
1728475825329,False,True,1e-05,62113.99,3903978155
1728475825329,False,True,8e-05,62113.99,3903978156
1728475825329,False,True,1e-05,62113.99,3903978157
1728475825329,False,True,9e-05,62113.99,3903978158
1728475825329,False,True,9e-05,62113.99,3903978159
1728475825329,False,True,1e-05,62113.99,3903978160
1728475825329,False,True,8e-05,62113.99,3903978161
1728475825329,False,True,1e-05,62113.99,3903978162
1728475825329,False,True,8e-05,62113.99,3903978163
1728475825329,False,True,2e-05,62113.99,3903978164
1728475825329,False,True,7e-05,62113.99,3903978165
1728475825329,False,True,2e-05,62113.99,3903978166
1728475825329,False,True,6e-05,62113.99,3903978167
1728475825329,False,True,1e-05,62113.99,3903978168
1728475825329,False,True,8e-05,62113.99,3903978169
1728475825329,False,True,1e-05,62113.99,3903978170
1728475825329,False,True,8e-05,62113.99,3903978171
1728475825329,False,True,1e-05,62113.99,3903978172
1728475825329,False,True,8e-05,62113.99,3903978173
1728475825329,False,True,1e-05,62113.99,3903978174
1728475825329,False,True,8e-05,62113.99,3903978175
1728475825329,False,True,1e-05,62113.99,3903978176
1728475825329,False,True,8e-05,62113.99,3903978177
1728475825329,False,True,1e-05,62113.99,3903978178
1728475825329,False,True,8e-05,62113.99,3903978179
1728475825329,False,True,1e-05,62114.0,3903978180
1728475825358,False,True,0.00019,62114.0,3903978181
1728475825358,False,True,0.004,62114.0,3903978182
1728475825358,False,True,0.008,62114.0,3903978183
1728475825358,False,True,0.006,62114.0,3903978184
1728475825358,False,True,0.0002,62114.0,3903978185
1728475825358,False,True,0.01,62114.0,3903978186
1728475825358,False,True,0.00156,62114.0,3903978187
1728475825358,False,True,0.0001,62114.0,3903978188
1728475825358,False,True,0.0001,62114.0,3903978189
1728475825358,False,True,0.0001,62114.0,3903978190
1728475825358,False,True,0.0001,62114.0,3903978191
1728475825358,False,True,0.0001,62114.49,3903978192
1728475825358,False,True,0.0001,62114.49,3903978193
1728475825358,False,True,0.0001,62114.91,3903978194
1728475825358,False,True,0.0001,62114.91,3903978195
1728475825358,False,True,0.0001,62115.0,3903978196
1728475825358,False,True,9e-05,62115.0,3903978197
1728475825358,False,True,9e-05,62115.0,3903978198
1728475825358,False,True,0.0001,62115.0,3903978199
1728475825358,False,True,9e-05,62115.0,3903978200
1728475825358,False,True,9e-05,62115.0,3903978201
1728475825358,False,True,9e-05,62115.0,3903978202
1728475825358,False,True,9e-05,62115.0,3903978203
1728475825358,False,True,0.001,62115.01,3903978204
1728475825358,False,True,0.0001,62115.01,3903978205
1728475825358,False,True,0.0001,62115.01,3903978206
1728475825358,False,True,9e-05,62115.98,3903978207
1728475825358,False,True,0.0001,62115.98,3903978208
1728475825358,False,True,9e-05,62115.98,3903978209
1728475825358,False,True,0.0001,62115.98,3903978210
1728475825358,False,True,9e-05,62115.98,3903978211
1728475825358,False,True,9e-05,62115.99,3903978212
1728475825358,False,True,0.0001,62115.99,3903978213
1728475825358,False,True,9e-05,62115.99,3903978214
1728475825358,False,True,9e-05,62115.99,3903978215
1728475825358,False,True,9e-05,62115.99,3903978216
1728475825358,False,True,0.0001,62115.99,3903978217
1728475825358,False,True,9e-05,62115.99,3903978218
1728475825358,False,True,9e-05,62115.99,3903978219
1728475825358,False,True,9e-05,62115.99,3903978220
1728475825358,False,True,9e-05,62115.99,3903978221
1728475825358,False,True,9e-05,62115.99,3903978222
1728475825358,False,True,9e-05,62115.99,3903978223
1728475825358,False,True,9e-05,62115.99,3903978224
1728475825358,False,True,9e-05,62115.99,3903978225
1728475825358,False,True,9e-05,62115.99,3903978226
1728475825358,False,True,9e-05,62115.99,3903978227
1728475825358,False,True,9e-05,62115.99,3903978228
1728475825358,False,True,9e-05,62115.99,3903978229
1728475825358,False,True,9e-05,62115.99,3903978230
1728475825358,False,True,9e-05,62115.99,3903978231
1728475825358,False,True,9e-05,62115.99,3903978232
1728475825358,False,True,9e-05,62115.99,3903978233
1728475825358,False,True,9e-05,62115.99,3903978234
1728475825358,False,True,9e-05,62115.99,3903978235
1728475825358,False,True,9e-05,62115.99,3903978236
1728475825358,False,True,0.0002,62116.0,3903978237
1728475825358,False,True,0.01,62116.0,3903978238
1728475825358,False,True,0.0002,62116.0,3903978239
1728475825358,False,True,0.004,62116.0,3903978240
1728475825358,False,True,0.008,62116.0,3903978241
1728475825358,False,True,0.006,62116.0,3903978242
1728475825358,False,True,0.0001,62116.0,3903978243
1728475825358,False,True,0.0001,62116.0,3903978244
1728475825358,False,True,0.00017,62116.93,3903978245
1728475825358,False,True,0.0001,62116.93,3903978246
1728475825358,False,True,0.0001,62116.93,3903978247
1728475825358,False,True,0.00039,62117.13,3903978248
1728475825358,False,True,0.0001,62117.13,3903978249
1728475825358,False,True,0.0001,62117.13,3903978250
1728475825358,False,True,0.00033,62117.86,3903978251
1728475825358,False,True,9e-05,62117.9,3903978252
1728475825358,False,True,9e-05,62117.9,3903978253
1728475825358,False,True,9e-05,62117.9,3903978254
1728475825358,False,True,9e-05,62117.9,3903978255
1728475825358,False,True,9e-05,62117.9,3903978256
1728475825358,False,True,9e-05,62117.9,3903978257
1728475825358,False,True,9e-05,62117.9,3903978258
1728475825358,False,True,9e-05,62117.9,3903978259
1728475825358,False,True,9e-05,62117.9,3903978260
1728475825358,False,True,9e-05,62117.9,3903978261
1728475825358,False,True,9e-05,62117.9,3903978262
1728475825358,False,True,9e-05,62117.9,3903978263
1728475825358,False,True,9e-05,62117.9,3903978264
1728475825358,False,True,9e-05,62117.9,3903978265
1728475825358,False,True,9e-05,62117.9,3903978266
1728475825358,False,True,9e-05,62117.9,3903978267
1728475825358,False,True,9e-05,62117.9,3903978268
1728475825358,False,True,9e-05,62117.9,3903978269
1728475825358,False,True,9e-05,62117.9,3903978270
1728475825358,False,True,9e-05,62117.9,3903978271
1728475825532,False,True,0.09488,62117.91,3903978272
1728475825532,False,True,0.01486,62117.91,3903978273
1728475825532,False,True,0.0001,62117.91,3903978274
1728475825532,False,True,0.0001,62117.91,3903978275
1728475825532,False,True,0.0001,62117.97,3903978276
1728475825532,False,True,0.0001,62117.97,3903978277
1728475825645,False,True,0.0001,62117.98,3903978278
1728475825645,False,True,0.0001,62117.98,3903978279
1728475825645,False,True,0.01457,62117.98,3903978280
1728475825645,False,True,0.0001,62117.98,3903978281
1728475825645,False,True,0.0001,62117.98,3903978282
1728475825645,False,True,0.0001,62117.98,3903978283
1728475825645,False,True,6e-05,62117.98,3903978284
1728475825645,False,True,0.0001,62117.99,3903978285
1728475825645,False,True,9e-05,62117.99,3903978286
1728475825645,False,True,9e-05,62117.99,3903978287
1728475825645,False,True,9e-05,62117.99,3903978288
1728475825645,False,True,9e-05,62117.99,3903978289
1728475825645,False,True,0.0001,62117.99,3903978290
1728475825645,False,True,9e-05,62117.99,3903978291
1728475825645,False,True,9e-05,62117.99,3903978292
1728475825645,False,True,9e-05,62117.99,3903978293
1728475825645,False,True,9e-05,62117.99,3903978294
1728475825645,False,True,9e-05,62117.99,3903978295
1728475825645,False,True,9e-05,62117.99,3903978296
1728475825645,False,True,9e-05,62117.99,3903978297
1728475825645,False,True,9e-05,62117.99,3903978298
1728475825645,False,True,9e-05,62117.99,3903978299
1728475825645,False,True,9e-05,62117.99,3903978300
1728475825645,False,True,9e-05,62117.99,3903978301
1728475825645,False,True,9e-05,62117.99,3903978302
1728475825645,False,True,9e-05,62117.99,3903978303
1728475825645,False,True,9e-05,62117.99,3903978304
1728475825645,False,True,9e-05,62117.99,3903978305
1728475825645,False,True,9e-05,62117.99,3903978306
1728475825645,False,True,9e-05,62117.99,3903978307
1728475825645,False,True,9e-05,62117.99,3903978308
1728475825645,False,True,9e-05,62117.99,3903978309
1728475825645,False,True,9e-05,62117.99,3903978310
1728475825645,False,True,9e-05,62117.99,3903978311
1728475825645,False,True,9e-05,62117.99,3903978312
1728475825645,False,True,0.0002,62118.0,3903978313
1728475825645,False,True,0.01,62118.0,3903978314
1728475825645,False,True,0.0002,62118.0,3903978315
1728475825645,False,True,0.004,62118.0,3903978316
1728475825645,False,True,0.008,62118.0,3903978317
1728475825645,False,True,0.006,62118.0,3903978318
1728475825645,False,True,0.0001,62118.0,3903978319
1728475825645,False,True,0.00273,62118.0,3903978320
1728475825645,False,True,0.0001,62118.0,3903978321
1728475825645,False,True,0.0001,62118.27,3903978322
1728475825645,False,True,0.0001,62118.27,3903978323
1728475825645,False,True,0.0001,62118.48,3903978324
1728475825645,False,True,0.0001,62118.48,3903978325
1728475825645,False,True,0.0001,62119.04,3903978326
1728475825645,False,True,0.0001,62119.04,3903978327
1728475825645,False,True,0.0001,62119.05,3903978328
1728475825645,False,True,0.0001,62119.05,3903978329
1728475825645,False,True,0.0001,62119.14,3903978330
1728475825645,False,True,0.0001,62119.14,3903978331
1728475825645,False,True,0.00161,62119.63,3903978332
1728475825645,False,True,0.32216,62119.63,3903978333
1728475825645,False,True,0.0001,62119.98,3903978334
1728475825645,False,True,0.0001,62119.98,3903978335
1728475825645,False,True,9e-05,62119.99,3903978336
1728475825645,False,True,0.0001,62119.99,3903978337
1728475825645,False,True,9e-05,62119.99,3903978338
1728475825645,False,True,9e-05,62119.99,3903978339
1728475825645,False,True,0.0001,62119.99,3903978340
1728475825645,False,True,9e-05,62119.99,3903978341
1728475825645,False,True,9e-05,62119.99,3903978342
1728475825645,False,True,9e-05,62119.99,3903978343
1728475825645,False,True,9e-05,62119.99,3903978344
1728475825645,False,True,9e-05,62119.99,3903978345
1728475825645,False,True,9e-05,62119.99,3903978346
1728475825645,False,True,9e-05,62119.99,3903978347
1728475825645,False,True,9e-05,62119.99,3903978348
1728475825645,False,True,9e-05,62119.99,3903978349
1728475825645,False,True,9e-05,62119.99,3903978350
1728475825658,False,True,0.0002,62120.0,3903978351
1728475825658,False,True,0.01,62120.0,3903978352
1728475825658,False,True,0.0002,62120.0,3903978353
1728475825658,False,True,0.12878,62120.0,3903978354
1728475825658,False,True,0.004,62120.0,3903978355
1728475825658,False,True,0.008,62120.0,3903978356
1728475825658,False,True,0.006,62120.0,3903978357
1728475825658,False,True,0.0001,62120.0,3903978358
1728475825658,False,True,0.00387,62120.0,3903978359
1728475825658,False,True,0.0001,62120.0,3903978360
1728475825658,False,True,0.00017,62120.03,3903978361
1728475825658,False,True,0.0001,62120.03,3903978362
1728475825658,False,True,0.0001,62120.03,3903978363
1728475825658,False,True,9e-05,62120.99,3903978364
1728475825658,False,True,0.0001,62120.99,3903978365
1728475825658,False,True,9e-05,62120.99,3903978366
1728475825658,False,True,9e-05,62120.99,3903978367
1728475825658,False,True,0.0001,62120.99,3903978368
1728475825658,False,True,9e-05,62120.99,3903978369
1728475825658,False,True,9e-05,62120.99,3903978370
1728475825658,False,True,9e-05,62120.99,3903978371
1728475825658,False,True,9e-05,62120.99,3903978372
1728475825658,False,True,9e-05,62120.99,3903978373
1728475825658,False,True,9e-05,62120.99,3903978374
1728475825658,False,True,9e-05,62120.99,3903978375
1728475825658,False,True,9e-05,62120.99,3903978376
1728475825658,False,True,9e-05,62120.99,3903978377
1728475825658,False,True,9e-05,62120.99,3903978378
1728475825720,False,True,0.0001,62121.0,3903978379
1728475825720,False,True,0.00318,62121.0,3903978380
1728475825720,False,True,0.0001,62121.0,3903978381
1728475825720,False,True,0.0001,62121.0,3903978382
1728475825720,False,True,0.0001,62121.0,3903978383
1728475825720,False,True,0.0001,62121.0,3903978384
1728475825720,False,True,6e-05,62121.0,3903978385
1728475825720,False,True,0.0001,62121.2,3903978386
1728475825720,False,True,0.0001,62121.2,3903978387
1728475825720,False,True,0.0001,62121.21,3903978388
1728475825720,False,True,9e-05,62121.21,3903978389
1728475825720,False,True,9e-05,62121.21,3903978390
1728475825720,False,True,0.0001,62121.21,3903978391
1728475825720,False,True,9e-05,62121.21,3903978392
1728475825720,False,True,9e-05,62121.21,3903978393
1728475825720,False,True,9e-05,62121.21,3903978394
1728475825720,False,True,9e-05,62121.21,3903978395
1728475825720,False,True,0.02677,62121.22,3903978396
1728475825720,False,True,0.0001,62121.22,3903978397
1728475825720,False,True,0.0001,62121.22,3903978398
1728475825720,False,True,9e-05,62121.48,3903978399
1728475825720,False,True,0.0001,62121.48,3903978400
1728475825720,False,True,9e-05,62121.48,3903978401
1728475825720,False,True,9e-05,62121.48,3903978402
1728475825720,False,True,0.0001,62121.48,3903978403
1728475825720,False,True,9e-05,62121.48,3903978404
1728475825720,False,True,9e-05,62121.48,3903978405
1728475825720,False,True,9e-05,62121.48,3903978406
1728475825720,False,True,9e-05,62121.48,3903978407
1728475825720,False,True,9e-05,62121.48,3903978408
1728475825720,False,True,9e-05,62121.48,3903978409
1728475825720,False,True,9e-05,62121.48,3903978410
1728475825720,False,True,9e-05,62121.48,3903978411
1728475825720,False,True,9e-05,62121.48,3903978412
1728475825720,False,True,9e-05,62121.48,3903978413
1728475825818,False,True,9e-05,62121.49,3903978414
1728475825818,False,True,1e-05,62121.49,3903978415
1728475825818,False,True,8e-05,62121.49,3903978416
1728475825818,False,True,2e-05,62121.49,3903978417
1728475825818,False,True,7e-05,62121.5,3903978418
1728475825831,False,True,3e-05,62121.5,3903978419
1728475825831,False,True,0.00182,62121.5,3903978420
1728475825831,False,True,0.0001,62121.5,3903978421
1728475825831,False,True,0.0001,62121.8,3903978422
1728475825831,False,True,0.0001,62121.8,3903978423
1728475825831,False,True,0.0001,62121.98,3903978424
1728475825831,False,True,0.00013,62121.98,3903978425
1728475825831,False,True,0.00013,62121.98,3903978426
1728475825831,False,True,9e-05,62121.98,3903978427
1728475825831,False,True,9e-05,62121.98,3903978428
1728475825831,False,True,9e-05,62121.98,3903978429
1728475825831,False,True,0.0001,62121.98,3903978430
1728475825831,False,True,9e-05,62121.98,3903978431
1728475825831,False,True,9e-05,62121.98,3903978432
1728475825831,False,True,9e-05,62121.98,3903978433
1728475825831,False,True,9e-05,62121.98,3903978434
1728475825831,False,True,9e-05,62121.98,3903978435
1728475825831,False,True,9e-05,62121.98,3903978436
1728475825831,False,True,9e-05,62121.98,3903978437
1728475825831,False,True,9e-05,62121.98,3903978438
1728475825831,False,True,9e-05,62121.98,3903978439
1728475825831,False,True,9e-05,62121.98,3903978440
1728475825831,False,True,9e-05,62121.98,3903978441
1728475825831,False,True,9e-05,62121.98,3903978442
1728475825831,False,True,9e-05,62121.98,3903978443
1728475825969,False,True,9e-05,62121.99,3903978444
1728475825969,False,True,1e-05,62121.99,3903978445
1728475825969,False,True,8e-05,62121.99,3903978446
1728475825969,False,True,1e-05,62121.99,3903978447
1728475825969,False,True,8e-05,62121.99,3903978448
1728475825969,False,True,2e-05,62121.99,3903978449
1728475825969,False,True,7e-05,62121.99,3903978450
1728475825969,False,True,2e-05,62121.99,3903978451
1728475825969,False,True,7e-05,62121.99,3903978452
1728475825969,False,True,2e-05,62121.99,3903978453
1728475825969,False,True,7e-05,62121.99,3903978454
1728475825969,False,True,2e-05,62121.99,3903978455
1728475825969,False,True,7e-05,62121.99,3903978456
1728475825969,False,True,2e-05,62121.99,3903978457
1728475825969,False,True,7e-05,62121.99,3903978458
1728475825969,False,True,2e-05,62121.99,3903978459
1728475825969,False,True,7e-05,62121.99,3903978460
1728475825969,False,True,2e-05,62121.99,3903978461
1728475825969,False,True,7e-05,62121.99,3903978462
1728475825969,False,True,2e-05,62121.99,3903978463
1728475825969,False,True,7e-05,62121.99,3903978464
1728475825970,False,True,2e-05,62121.99,3903978465
1728475825970,False,True,7e-05,62121.99,3903978466
1728475825970,False,True,2e-05,62121.99,3903978467
1728475825970,False,True,7e-05,62121.99,3903978468
1728475825970,False,True,2e-05,62121.99,3903978469
1728475825970,False,True,7e-05,62121.99,3903978470
1728475825970,False,True,2e-05,62121.99,3903978471
1728475825970,False,True,7e-05,62121.99,3903978472
1728475825970,False,True,2e-05,62121.99,3903978473
1728475825970,False,True,7e-05,62121.99,3903978474
1728475825970,False,True,2e-05,62121.99,3903978475
1728475825970,False,True,7e-05,62121.99,3903978476
1728475825970,False,True,2e-05,62121.99,3903978477
1728475825970,False,True,7e-05,62121.99,3903978478
1728475825970,False,True,2e-05,62121.99,3903978479
1728475825970,False,True,7e-05,62121.99,3903978480
1728475825970,False,True,2e-05,62121.99,3903978481
1728475825970,False,True,7e-05,62121.99,3903978482
1728475825970,False,True,2e-05,62121.99,3903978483
1728475825970,False,True,7e-05,62121.99,3903978484
1728475825970,False,True,2e-05,62121.99,3903978485
1728475825970,False,True,7e-05,62121.99,3903978486
1728475825974,False,True,2e-05,62121.99,3903978487
1728475825974,False,True,7e-05,62121.99,3903978488
1728475825975,False,True,3e-05,62121.99,3903978489
1728475825975,False,True,6e-05,62121.99,3903978490
1728475825975,False,True,3e-05,62121.99,3903978491
1728475825975,False,True,6e-05,62121.99,3903978492
1728475825975,False,True,4e-05,62121.99,3903978493
1728475825975,False,True,5e-05,62121.99,3903978494
1728475825975,False,True,5e-05,62121.99,3903978495
1728475825975,False,True,4e-05,62121.99,3903978496
1728475825975,False,True,5e-05,62121.99,3903978497
1728475825975,False,True,4e-05,62121.99,3903978498
1728475825975,False,True,6e-05,62121.99,3903978499
1728475825975,False,True,3e-05,62121.99,3903978500
1728475825975,False,True,7e-05,62121.99,3903978501
1728475825975,False,True,2e-05,62121.99,3903978502
1728475825975,False,True,7e-05,62121.99,3903978503
1728475825975,False,True,2e-05,62121.99,3903978504
1728475825975,False,True,4e-05,62121.99,3903978505
1728475825975,False,True,5e-05,62121.99,3903978506
1728475825975,False,True,4e-05,62121.99,3903978507
1728475825975,False,True,5e-05,62121.99,3903978508
1728475825975,False,True,4e-05,62121.99,3903978509
1728475825975,False,True,5e-05,62121.99,3903978510
1728475825975,False,True,4e-05,62121.99,3903978511
1728475825975,False,True,5e-05,62121.99,3903978512
1728475825975,False,True,4e-05,62121.99,3903978513
1728475825975,False,True,5e-05,62121.99,3903978514
1728475825975,False,True,4e-05,62121.99,3903978515
1728475825975,False,True,5e-05,62121.99,3903978516
1728475825975,False,True,4e-05,62121.99,3903978517
1728475825975,False,True,5e-05,62121.99,3903978518
1728475825975,False,True,4e-05,62121.99,3903978519
1728475825975,False,True,5e-05,62122.0,3903978520
1728475826363,False,True,0.00015,62122.0,3903978521
1728475826363,False,True,0.00362,62122.0,3903978522
1728475826416,False,True,0.00638,62122.0,3903978523
1728475826416,False,True,0.0002,62122.0,3903978524
1728475826416,False,True,0.004,62122.0,3903978525
1728475826416,False,True,0.008,62122.0,3903978526
1728475826416,False,True,0.006,62122.0,3903978527
1728475826416,False,True,0.0001,62122.0,3903978528
1728475826416,False,True,0.0001,62122.0,3903978529
1728475826416,False,True,0.00014,62122.0,3903978530
1728475826416,False,True,0.0001,62122.0,3903978531
1728475826416,False,True,0.0001,62122.0,3903978532
1728475826416,False,True,0.0001,62122.0,3903978533
1728475826416,False,True,6e-05,62122.0,3903978534
1728475826416,False,True,9e-05,62122.09,3903978535
1728475826416,False,True,0.0001,62122.09,3903978536
1728475826416,False,True,0.0001,62122.09,3903978537
1728475826416,False,True,0.0001,62122.38,3903978538
1728475826416,False,True,0.0001,62122.38,3903978539
1728475826416,False,True,0.0001,62122.39,3903978540
1728475826416,False,True,0.0001,62122.39,3903978541
1728475826416,False,True,0.0001,62122.4,3903978542
1728475826416,False,True,0.0001,62122.4,3903978543
1728475826416,False,True,0.0001,62122.87,3903978544
1728475826416,False,True,9e-05,62122.87,3903978545
1728475826416,False,True,9e-05,62122.87,3903978546
1728475826416,False,True,0.0001,62122.87,3903978547
1728475826416,False,True,9e-05,62122.87,3903978548
1728475826416,False,True,9e-05,62122.87,3903978549
1728475826416,False,True,9e-05,62122.87,3903978550
1728475826416,False,True,9e-05,62122.87,3903978551
1728475826416,False,True,9e-05,62122.87,3903978552
1728475826416,False,True,9e-05,62122.87,3903978553
1728475826416,False,True,9e-05,62122.87,3903978554
1728475826416,False,True,9e-05,62122.87,3903978555
1728475826416,False,True,9e-05,62122.87,3903978556
1728475826416,False,True,9e-05,62122.87,3903978557
1728475826416,False,True,9e-05,62122.87,3903978558
1728475826616,False,True,0.0001,62122.88,3903978559
1728475826616,False,True,0.1,62122.88,3903978560
1728475826616,False,True,0.0001,62122.88,3903978561
1728475826616,False,True,0.0001,62122.99,3903978562
1728475826616,False,True,0.0001,62122.99,3903978563
1728475826616,False,True,0.0001,62123.0,3903978564
1728475826616,False,True,0.0001,62123.0,3903978565
1728475826616,False,True,0.00017,62123.14,3903978566
1728475826616,False,True,0.0001,62123.14,3903978567
1728475826616,False,True,0.0001,62123.14,3903978568
1728475826616,False,True,0.0001,62123.98,3903978569
1728475826616,False,True,0.0001,62123.98,3903978570
1728475826616,False,True,0.0001,62123.99,3903978571
1728475826616,False,True,9e-05,62123.99,3903978572
1728475826616,False,True,9e-05,62123.99,3903978573
1728475826616,False,True,9e-05,62123.99,3903978574
1728475826616,False,True,0.0001,62123.99,3903978575
1728475826616,False,True,9e-05,62123.99,3903978576
1728475826616,False,True,9e-05,62123.99,3903978577
1728475826616,False,True,9e-05,62123.99,3903978578
1728475826616,False,True,9e-05,62123.99,3903978579
1728475826616,False,True,9e-05,62123.99,3903978580
1728475826616,False,True,9e-05,62123.99,3903978581
1728475826616,False,True,9e-05,62123.99,3903978582
1728475826616,False,True,9e-05,62123.99,3903978583
1728475826616,False,True,9e-05,62123.99,3903978584
1728475826616,False,True,9e-05,62123.99,3903978585
1728475826616,False,True,9e-05,62123.99,3903978586
1728475826616,False,True,9e-05,62123.99,3903978587
1728475826616,False,True,9e-05,62123.99,3903978588
1728475826616,False,True,0.004,62124.0,3903978589
1728475826616,False,True,0.008,62124.0,3903978590
1728475826616,False,True,0.006,62124.0,3903978591
1728475826616,False,True,0.0002,62124.0,3903978592
1728475826616,False,True,0.01,62124.0,3903978593
1728475826616,False,True,0.0002,62124.0,3903978594
1728475826616,False,True,0.0001,62124.0,3903978595
1728475826616,False,True,0.0001,62124.0,3903978596
1728475826616,False,True,0.00062,62124.5,3903978597
1728475826616,False,True,0.0001,62124.5,3903978598
1728475826616,False,True,0.0001,62124.5,3903978599
1728475826616,False,True,0.0001,62124.8,3903978600
1728475826616,False,True,9e-05,62124.8,3903978601
1728475826616,False,True,9e-05,62124.8,3903978602
1728475826616,False,True,0.0001,62124.8,3903978603
1728475826616,False,True,9e-05,62124.8,3903978604
1728475826616,False,True,9e-05,62124.8,3903978605
1728475826616,False,True,9e-05,62124.8,3903978606
1728475826616,False,True,9e-05,62124.8,3903978607
1728475826616,False,True,9e-05,62124.8,3903978608
1728475826616,False,True,9e-05,62124.8,3903978609
1728475826616,False,True,9e-05,62124.8,3903978610
1728475826616,False,True,9e-05,62124.8,3903978611
1728475826616,False,True,9e-05,62124.8,3903978612
1728475826616,False,True,9e-05,62124.8,3903978613
1728475826616,False,True,9e-05,62124.8,3903978614
1728475826893,False,True,0.0057,62124.81,3903978615
1728475827220,False,True,9e-05,62124.81,3903978616
1728475827220,False,True,1e-05,62124.81,3903978617
1728475827220,False,True,8e-05,62124.81,3903978618
1728475827220,False,True,2e-05,62124.81,3903978619
1728475827220,False,True,7e-05,62124.81,3903978620
1728475827220,False,True,3e-05,62124.81,3903978621
1728475827220,False,True,6e-05,62124.81,3903978622
1728475827220,False,True,4e-05,62124.81,3903978623
1728475827220,False,True,5e-05,62124.81,3903978624
1728475827220,False,True,5e-05,62124.81,3903978625
1728475827220,False,True,4e-05,62124.81,3903978626
1728475827220,False,True,2e-05,62124.81,3903978627
1728475827220,False,True,7e-05,62124.97,3903978628
1728475827220,False,True,3e-05,62124.97,3903978629
1728475827220,False,True,6e-05,62124.97,3903978630
1728475827220,False,True,4e-05,62124.97,3903978631
1728475827220,False,True,5e-05,62124.98,3903978632
1728475827220,False,True,5e-05,62124.98,3903978633
1728475827220,False,True,4e-05,62124.98,3903978634
1728475827220,False,True,6e-05,62124.98,3903978635
1728475827220,False,True,3e-05,62124.99,3903978636
1728475827220,False,True,7e-05,62124.99,3903978637
1728475827220,False,True,2e-05,62124.99,3903978638
1728475827220,False,True,8e-05,62124.99,3903978639
1728475827220,False,True,1e-05,62125.0,3903978640
1728475827225,False,True,9e-05,62125.0,3903978641
1728475827225,False,True,9e-05,62125.0,3903978642
1728475827225,False,True,9e-05,62125.0,3903978643
1728475827225,False,True,9e-05,62125.0,3903978644
1728475827225,False,True,9e-05,62125.0,3903978645
1728475827225,False,True,9e-05,62125.0,3903978646
1728475827225,False,True,9e-05,62125.0,3903978647
1728475827225,False,True,9e-05,62125.0,3903978648
1728475827225,False,True,9e-05,62125.0,3903978649
1728475827225,False,True,9e-05,62125.0,3903978650
1728475827225,False,True,3e-05,62125.0,3903978651
1728475827225,False,True,6e-05,62125.0,3903978652
1728475827225,False,True,4e-05,62125.0,3903978653
1728475827225,False,True,5e-05,62125.0,3903978654
1728475827225,False,True,5e-05,62125.0,3903978655
1728475827225,False,True,4e-05,62125.05,3903978656
1728475827226,False,True,6e-05,62125.05,3903978657
1728475827226,False,True,0.0001,62125.05,3903978658
1728475827226,False,True,0.0001,62125.3,3903978659
1728475827226,False,True,0.0001,62125.3,3903978660
1728475827226,False,True,0.0001,62125.36,3903978661
1728475827226,False,True,0.0001,62125.36,3903978662
1728475827226,False,True,0.0001,62125.98,3903978663
1728475827226,False,True,9e-05,62125.98,3903978664
1728475827226,False,True,0.0001,62125.98,3903978665
1728475827226,False,True,9e-05,62125.98,3903978666
1728475827226,False,True,9e-05,62125.98,3903978667
1728475827226,False,True,9e-05,62125.98,3903978668
1728475827226,False,True,9e-05,62125.98,3903978669
1728475827226,False,True,9e-05,62125.98,3903978670
1728475827226,False,True,9e-05,62125.98,3903978671
1728475827226,False,True,9e-05,62125.98,3903978672
1728475827226,False,True,9e-05,62125.98,3903978673
1728475827226,False,True,9e-05,62125.98,3903978674
1728475827226,False,True,0.0001,62125.99,3903978675
1728475827226,False,True,9e-05,62125.99,3903978676
1728475827226,False,True,0.00014,62125.99,3903978677
1728475827226,False,True,0.00014,62125.99,3903978678
1728475827226,False,True,9e-05,62125.99,3903978679
1728475827226,False,True,9e-05,62125.99,3903978680
1728475827226,False,True,0.0001,62125.99,3903978681
1728475827226,False,True,9e-05,62125.99,3903978682
1728475827226,False,True,9e-05,62125.99,3903978683
1728475827226,False,True,9e-05,62125.99,3903978684
1728475827226,False,True,9e-05,62125.99,3903978685
1728475827226,False,True,9e-05,62125.99,3903978686
1728475827226,False,True,9e-05,62125.99,3903978687
1728475827226,False,True,9e-05,62125.99,3903978688
1728475827226,False,True,9e-05,62125.99,3903978689
1728475827226,False,True,9e-05,62125.99,3903978690
1728475827226,False,True,9e-05,62125.99,3903978691
1728475827226,False,True,9e-05,62125.99,3903978692
1728475827226,False,True,9e-05,62125.99,3903978693
1728475827226,False,True,9e-05,62125.99,3903978694
1728475827226,False,True,9e-05,62125.99,3903978695
1728475827226,False,True,9e-05,62125.99,3903978696
1728475827226,False,True,9e-05,62125.99,3903978697
1728475827226,False,True,9e-05,62125.99,3903978698
1728475827226,False,True,9e-05,62125.99,3903978699
1728475827226,False,True,9e-05,62125.99,3903978700
1728475827226,False,True,9e-05,62125.99,3903978701
1728475827226,False,True,0.004,62126.0,3903978702
1728475827226,False,True,0.008,62126.0,3903978703
1728475827226,False,True,0.006,62126.0,3903978704
1728475827226,False,True,0.0002,62126.0,3903978705
1728475827226,False,True,0.01,62126.0,3903978706
1728475827226,False,True,0.0002,62126.0,3903978707
1728475827226,False,True,0.00701,62126.0,3903978708
1728475827226,False,True,0.0775,62126.0,3903978709
1728475827226,False,True,0.0001,62126.0,3903978710
1728475827226,False,True,0.0001,62126.0,3903978711
1728475827226,False,True,9e-05,62126.1,3903978712
1728475827226,False,True,9e-05,62126.1,3903978713
1728475827226,False,True,9e-05,62126.1,3903978714
1728475827226,False,True,0.00161,62126.11,3903978715
1728475827226,False,True,0.32213,62126.11,3903978716
1728475827226,False,True,0.0001,62126.11,3903978717
1728475827226,False,True,0.0001,62126.11,3903978718
1728475827226,False,True,0.00017,62126.25,3903978719
1728475827226,False,True,0.0001,62126.25,3903978720
1728475827226,False,True,0.0001,62126.25,3903978721
1728475827226,False,True,0.00712,62126.59,3903978722
1728475827226,False,True,0.0001,62126.59,3903978723
1728475827226,False,True,0.0001,62126.59,3903978724
1728475827226,False,True,9e-05,62127.59,3903978725
1728475827226,False,True,9e-05,62127.59,3903978726
1728475827226,False,True,9e-05,62127.59,3903978727
1728475827226,False,True,9e-05,62127.59,3903978728
1728475827226,False,True,9e-05,62127.59,3903978729
1728475827226,False,True,9e-05,62127.59,3903978730
1728475827226,False,True,9e-05,62127.59,3903978731
1728475827226,False,True,9e-05,62127.59,3903978732
1728475827226,False,True,9e-05,62127.59,3903978733
1728475827226,False,True,9e-05,62127.59,3903978734
1728475827285,False,True,9e-05,62127.99,3903978735
1728475827285,False,True,0.07991,62127.99,3903978736
1728475827285,False,True,0.04,62127.99,3903978737
1728475827316,False,True,0.0001,62127.99,3903978738
1728475827316,False,True,0.0605,62127.99,3903978739
1728475827316,False,True,9e-05,62127.99,3903978740
1728475827316,False,True,9e-05,62127.99,3903978741
1728475827316,False,True,9e-05,62127.99,3903978742
1728475827316,False,True,9e-05,62127.99,3903978743
1728475827316,False,True,0.0001,62127.99,3903978744
1728475827316,False,True,9e-05,62127.99,3903978745
1728475827316,False,True,9e-05,62127.99,3903978746
1728475827316,False,True,9e-05,62127.99,3903978747
1728475827316,False,True,9e-05,62127.99,3903978748
1728475827316,False,True,9e-05,62127.99,3903978749
1728475827316,False,True,9e-05,62127.99,3903978750
1728475827316,False,True,9e-05,62127.99,3903978751
1728475827316,False,True,9e-05,62127.99,3903978752
1728475827316,False,True,9e-05,62127.99,3903978753
1728475827316,False,True,9e-05,62127.99,3903978754
1728475827316,False,True,9e-05,62127.99,3903978755
1728475827316,False,True,9e-05,62127.99,3903978756
1728475827316,False,True,9e-05,62127.99,3903978757
1728475827316,False,True,9e-05,62127.99,3903978758
1728475827316,False,True,9e-05,62127.99,3903978759
1728475827316,False,True,9e-05,62127.99,3903978760
1728475827316,False,True,9e-05,62127.99,3903978761
1728475827316,False,True,9e-05,62127.99,3903978762
1728475827316,False,True,9e-05,62127.99,3903978763
1728475827316,False,True,9e-05,62127.99,3903978764
1728475827316,False,True,9e-05,62127.99,3903978765
1728475827316,False,True,9e-05,62127.99,3903978766
1728475827316,False,True,9e-05,62127.99,3903978767
1728475827316,False,True,9e-05,62127.99,3903978768
1728475827316,False,True,9e-05,62127.99,3903978769
1728475827316,False,True,9e-05,62127.99,3903978770
1728475827316,False,True,9e-05,62127.99,3903978771
1728475827316,False,True,9e-05,62127.99,3903978772
1728475827316,False,True,0.004,62128.0,3903978773
1728475827316,False,True,0.008,62128.0,3903978774
1728475827316,False,True,0.006,62128.0,3903978775
1728475827316,False,True,0.0002,62128.0,3903978776
1728475827316,False,True,0.01,62128.0,3903978777
1728475827316,False,True,0.0002,62128.0,3903978778
1728475827316,False,True,0.00422,62128.0,3903978779
1728475827316,False,True,9e-05,62128.48,3903978780
1728475827316,False,True,9e-05,62128.48,3903978781
1728475827316,False,True,9e-05,62128.48,3903978782
1728475827316,False,True,9e-05,62128.48,3903978783
1728475827316,False,True,9e-05,62128.48,3903978784
1728475827316,False,True,9e-05,62128.48,3903978785
1728475827316,False,True,9e-05,62128.48,3903978786
1728475827316,False,True,9e-05,62128.48,3903978787
1728475827316,False,True,9e-05,62128.48,3903978788
1728475827316,False,True,9e-05,62128.48,3903978789
1728475827316,False,True,9e-05,62128.48,3903978790
1728475827316,False,True,9e-05,62128.48,3903978791
1728475827349,False,True,9e-05,62128.49,3903978792
1728475827349,False,True,9e-05,62128.49,3903978793
1728475827349,False,True,1e-05,62128.49,3903978794
1728475827349,False,True,8e-05,62128.49,3903978795
1728475827349,False,True,1e-05,62128.49,3903978796
1728475827349,False,True,8e-05,62128.49,3903978797
1728475827349,False,True,2e-05,62128.49,3903978798
1728475827349,False,True,7e-05,62128.49,3903978799
1728475827349,False,True,2e-05,62128.49,3903978800
1728475827349,False,True,7e-05,62128.49,3903978801
1728475827349,False,True,2e-05,62128.49,3903978802
1728475827349,False,True,7e-05,62128.49,3903978803
1728475827349,False,True,2e-05,62128.49,3903978804
1728475827349,False,True,7e-05,62128.49,3903978805
1728475827349,False,True,2e-05,62128.49,3903978806
1728475827349,False,True,7e-05,62128.49,3903978807
1728475827349,False,True,2e-05,62128.49,3903978808
1728475827349,False,True,7e-05,62128.49,3903978809
1728475827349,False,True,2e-05,62128.49,3903978810
1728475827349,False,True,7e-05,62128.49,3903978811
1728475827349,False,True,2e-05,62128.49,3903978812
1728475827349,False,True,7e-05,62128.49,3903978813
1728475827349,False,True,2e-05,62128.49,3903978814
1728475827349,False,True,7e-05,62128.5,3903978815
1728475827363,False,True,0.00024,62128.5,3903978816
1728475827382,False,True,0.00242,62128.5,3903978817
1728475827382,False,True,0.0001,62128.5,3903978818
1728475827382,False,True,0.0001,62128.5,3903978819
1728475827382,False,True,0.0001,62128.5,3903978820
1728475827382,False,True,0.0001,62128.5,3903978821
1728475827382,False,True,0.0001,62129.21,3903978822
1728475827382,False,True,0.0001,62129.21,3903978823
1728475827382,False,True,0.0001,62129.21,3903978824
1728475827382,False,True,0.0001,62129.21,3903978825
1728475827382,False,True,0.0001,62129.21,3903978826
1728475827382,False,True,6e-05,62129.21,3903978827
1728475827382,False,True,0.0001,62129.23,3903978828
1728475827382,False,True,0.0001,62129.23,3903978829
1728475827382,False,True,0.00017,62129.35,3903978830
1728475827382,False,True,0.0001,62129.35,3903978831
1728475827382,False,True,0.0001,62129.35,3903978832
1728475827382,False,True,0.0001,62129.98,3903978833
1728475827382,False,True,9e-05,62129.98,3903978834
1728475827382,False,True,9e-05,62129.98,3903978835
1728475827382,False,True,0.0001,62129.98,3903978836
1728475827382,False,True,9e-05,62129.98,3903978837
1728475827382,False,True,9e-05,62129.98,3903978838
1728475827382,False,True,0.00313,62129.99,3903978839
1728475827382,False,True,0.0001,62129.99,3903978840
1728475827382,False,True,9e-05,62129.99,3903978841
1728475827382,False,True,0.0002,62129.99,3903978842
1728475827382,False,True,9e-05,62129.99,3903978843
1728475827382,False,True,9e-05,62129.99,3903978844
1728475827382,False,True,0.0001,62129.99,3903978845
1728475827382,False,True,9e-05,62129.99,3903978846
1728475827382,False,True,9e-05,62129.99,3903978847
1728475827382,False,True,9e-05,62129.99,3903978848
1728475827382,False,True,9e-05,62129.99,3903978849
1728475827382,False,True,9e-05,62129.99,3903978850
1728475827382,False,True,9e-05,62129.99,3903978851
1728475827382,False,True,9e-05,62129.99,3903978852
1728475827382,False,True,9e-05,62129.99,3903978853
1728475827382,False,True,9e-05,62129.99,3903978854
1728475827382,False,True,9e-05,62129.99,3903978855
1728475827382,False,True,9e-05,62129.99,3903978856
1728475827382,False,True,9e-05,62129.99,3903978857
1728475827382,False,True,9e-05,62129.99,3903978858
1728475827382,False,True,9e-05,62129.99,3903978859
1728475827382,False,True,9e-05,62129.99,3903978860
1728475827382,False,True,9e-05,62129.99,3903978861
1728475827382,False,True,9e-05,62129.99,3903978862
1728475827382,False,True,9e-05,62129.99,3903978863
1728475827382,False,True,9e-05,62129.99,3903978864
1728475827410,True,False,0.00196,62129.99,3903978865
1728475827614,False,True,0.0002,62130.0,3903978866
1728475827614,False,True,0.004,62130.0,3903978867
1728475827614,False,True,0.008,62130.0,3903978868
1728475827614,False,True,0.0278,62130.0,3903978869
1728475827615,False,True,0.0678,62130.0,3903978870
1728475827615,False,True,0.006,62130.0,3903978871
1728475827615,False,True,0.0002,62130.0,3903978872
1728475827615,False,True,0.006,62130.0,3903978873
1728475827805,False,True,0.0016,62130.0,3903978874
1728475827808,True,False,0.0469,62129.99,3903978875
1728475827944,False,True,0.0003,62130.0,3903978876
1728475827946,False,True,0.0003,62130.0,3903978877
1728475827950,False,True,0.00032,62130.0,3903978878
1728475827952,False,True,0.00032,62130.0,3903978879
1728475827954,False,True,0.00032,62130.0,3903978880
1728475827955,False,True,0.00032,62130.0,3903978881
1728475827959,False,True,0.00032,62130.0,3903978882
1728475827980,False,True,0.0002,62130.0,3903978883
1728475827980,False,True,0.0001,62130.0,3903978884
1728475827982,False,True,0.0003,62130.0,3903978885
1728475827985,False,True,0.00032,62130.0,3903978886
1728475827987,False,True,0.00032,62130.0,3903978887
1728475828167,False,True,0.00032,62130.0,3903978888
1728475828363,False,True,0.00378,62130.0,3903978889
1728475828422,False,True,0.02707,62130.0,3903978890
1728475828422,False,True,0.0001,62130.0,3903978891
1728475828422,False,True,0.01183,62130.0,3903978892
1728475828429,False,True,0.001,62130.0,3903978893
1728475828429,False,True,0.08,62130.0,3903978894
1728475828749,False,True,0.048,62130.0,3903978895
1728475829363,False,True,0.00378,62130.0,3903978896
1728475829915,False,True,0.0001,62130.0,3903978897
1728475829915,False,True,0.0001,62130.0,3903978898
1728475829915,False,True,0.0001,62130.0,3903978899
1728475829915,False,True,0.02017,62130.0,3903978900
1728475829915,False,True,9e-05,62130.0,3903978901
1728475829915,False,True,9e-05,62130.0,3903978902
1728475829915,False,True,0.0001,62130.0,3903978903
1728475829915,False,True,9e-05,62130.0,3903978904
1728475829915,False,True,9e-05,62130.0,3903978905
1728475829915,False,True,0.0001,62130.0,3903978906
1728475829915,False,True,6e-05,62130.0,3903978907
1728475829915,False,True,0.001,62130.01,3903978908
1728475829915,False,True,0.0001,62130.01,3903978909
1728475829915,False,True,0.0001,62130.01,3903978910
1728475829915,False,True,0.0001,62130.38,3903978911
1728475829915,False,True,0.0001,62130.38,3903978912
1728475829915,False,True,0.0001,62130.91,3903978913
1728475829915,False,True,0.0001,62130.91,3903978914
1728475829915,False,True,0.0001,62130.92,3903978915
1728475829915,False,True,9e-05,62130.92,3903978916
1728475829915,False,True,9e-05,62130.92,3903978917
1728475829915,False,True,0.0001,62130.92,3903978918
1728475829915,False,True,9e-05,62130.92,3903978919
1728475829915,False,True,9e-05,62130.92,3903978920
1728475829915,False,True,9e-05,62130.92,3903978921
1728475829915,False,True,9e-05,62130.92,3903978922
1728475829915,False,True,9e-05,62130.92,3903978923
1728475829915,False,True,9e-05,62130.92,3903978924
1728475829915,False,True,9e-05,62130.92,3903978925
1728475829915,False,True,9e-05,62130.92,3903978926
1728475829915,False,True,9e-05,62130.92,3903978927
1728475829915,False,True,9e-05,62130.92,3903978928
1728475829915,False,True,0.02,62130.93,3903978929
1728475829915,False,True,0.0001,62130.93,3903978930
1728475829915,False,True,0.0001,62130.93,3903978931
1728475829915,False,True,9e-05,62131.26,3903978932
1728475829915,False,True,9e-05,62131.26,3903978933
1728475829915,False,True,9e-05,62131.26,3903978934
1728475829915,False,True,9e-05,62131.26,3903978935
1728475829915,False,True,9e-05,62131.26,3903978936
1728475829915,False,True,9e-05,62131.26,3903978937
1728475829915,False,True,9e-05,62131.26,3903978938
1728475829915,False,True,9e-05,62131.26,3903978939
1728475829915,False,True,9e-05,62131.26,3903978940
1728475829915,False,True,9e-05,62131.26,3903978941
1728475829915,False,True,9e-05,62131.26,3903978942
1728475829915,False,True,9e-05,62131.26,3903978943
1728475830008,False,True,9e-05,62131.27,3903978944
1728475830008,False,True,1e-05,62131.27,3903978945
1728475830008,False,True,8e-05,62131.27,3903978946
1728475830008,False,True,2e-05,62131.27,3903978947
1728475830008,False,True,7e-05,62131.86,3903978948
1728475830008,False,True,3e-05,62131.86,3903978949
1728475830008,False,True,6e-05,62131.86,3903978950
1728475830008,False,True,4e-05,62131.86,3903978951
1728475830008,False,True,5e-05,62131.87,3903978952
1728475830008,False,True,5e-05,62131.87,3903978953
1728475830008,False,True,4e-05,62131.87,3903978954
1728475830008,False,True,6e-05,62131.87,3903978955
1728475830008,False,True,3e-05,62131.88,3903978956
1728475830008,False,True,6e-05,62131.88,3903978957
1728475830008,False,True,3e-05,62131.88,3903978958
1728475830008,False,True,7e-05,62131.88,3903978959
1728475830008,False,True,2e-05,62131.88,3903978960
1728475830008,False,True,7e-05,62131.88,3903978961
1728475830008,False,True,2e-05,62131.88,3903978962
1728475830008,False,True,8e-05,62131.88,3903978963
1728475830008,False,True,1e-05,62131.88,3903978964
1728475830009,False,True,8e-05,62131.88,3903978965
1728475830009,False,True,1e-05,62131.88,3903978966
1728475830009,False,True,8e-05,62131.88,3903978967
1728475830009,False,True,1e-05,62131.88,3903978968
1728475830009,False,True,8e-05,62131.88,3903978969
1728475830009,False,True,1e-05,62131.88,3903978970
1728475830009,False,True,8e-05,62131.88,3903978971
1728475830009,False,True,1e-05,62131.88,3903978972
1728475830009,False,True,8e-05,62131.88,3903978973
1728475830009,False,True,1e-05,62131.88,3903978974
1728475830009,False,True,8e-05,62131.88,3903978975
1728475830009,False,True,1e-05,62131.88,3903978976
1728475830009,False,True,8e-05,62131.88,3903978977
1728475830009,False,True,1e-05,62131.88,3903978978
1728475830011,False,True,8e-05,62131.88,3903978979
1728475830011,False,True,1e-05,62131.96,3903978980
1728475830015,False,True,9e-05,62131.96,3903978981
1728475830015,False,True,9e-05,62131.96,3903978982
1728475830015,False,True,1e-05,62131.96,3903978983
1728475830015,False,True,8e-05,62131.98,3903978984
1728475830015,False,True,2e-05,62131.98,3903978985
1728475830015,False,True,7e-05,62131.98,3903978986
1728475830015,False,True,3e-05,62131.98,3903978987
1728475830015,False,True,6e-05,62131.99,3903978988
1728475830015,False,True,4e-05,62131.99,3903978989
1728475830015,False,True,5e-05,62131.99,3903978990
1728475830015,False,True,4e-05,62131.99,3903978991
1728475830015,False,True,5e-05,62131.99,3903978992
1728475830015,False,True,5e-05,62131.99,3903978993
1728475830015,False,True,4e-05,62131.99,3903978994
1728475830015,False,True,5e-05,62131.99,3903978995
1728475830015,False,True,4e-05,62131.99,3903978996
1728475830015,False,True,5e-05,62131.99,3903978997
1728475830015,False,True,4e-05,62131.99,3903978998
1728475830015,False,True,5e-05,62131.99,3903978999
1728475830015,False,True,4e-05,62131.99,3903979000
1728475830015,False,True,5e-05,62131.99,3903979001
1728475830015,False,True,4e-05,62131.99,3903979002
1728475830015,False,True,5e-05,62131.99,3903979003
1728475830015,False,True,4e-05,62131.99,3903979004
1728475830015,False,True,5e-05,62131.99,3903979005
1728475830015,False,True,4e-05,62131.99,3903979006
1728475830015,False,True,5e-05,62131.99,3903979007
1728475830015,False,True,4e-05,62131.99,3903979008
1728475830015,False,True,5e-05,62131.99,3903979009
1728475830015,False,True,4e-05,62131.99,3903979010
1728475830016,False,True,5e-05,62131.99,3903979011
1728475830016,False,True,4e-05,62131.99,3903979012
1728475830016,False,True,5e-05,62131.99,3903979013
1728475830016,False,True,9e-05,62131.99,3903979014
1728475830016,False,True,9e-05,62131.99,3903979015
1728475830016,False,True,9e-05,62131.99,3903979016
1728475830016,False,True,9e-05,62131.99,3903979017
1728475830016,False,True,9e-05,62131.99,3903979018
1728475830016,False,True,9e-05,62131.99,3903979019
1728475830016,False,True,9e-05,62131.99,3903979020
1728475830016,False,True,9e-05,62131.99,3903979021
1728475830016,False,True,9e-05,62131.99,3903979022
1728475830016,False,True,0.0002,62132.0,3903979023
1728475830016,False,True,0.004,62132.0,3903979024
1728475830016,False,True,0.008,62132.0,3903979025
1728475830016,False,True,0.006,62132.0,3903979026
1728475830016,False,True,0.0002,62132.0,3903979027
1728475830016,False,True,0.01,62132.0,3903979028
1728475830016,False,True,0.0001,62132.0,3903979029
1728475830016,False,True,0.0001,62132.0,3903979030
1728475830016,False,True,0.00161,62132.31,3903979031
1728475830016,False,True,0.3221,62132.31,3903979032
1728475830016,False,True,9e-05,62132.4,3903979033
1728475830016,False,True,0.0001,62132.4,3903979034
1728475830016,False,True,9e-05,62132.4,3903979035
1728475830016,False,True,9e-05,62132.4,3903979036
1728475830016,False,True,0.0001,62132.4,3903979037
1728475830016,False,True,9e-05,62132.4,3903979038
1728475830016,False,True,9e-05,62132.4,3903979039
1728475830016,False,True,9e-05,62132.4,3903979040
1728475830016,False,True,9e-05,62132.4,3903979041
1728475830016,False,True,9e-05,62132.4,3903979042
1728475830016,False,True,9e-05,62132.4,3903979043
1728475830016,False,True,9e-05,62132.4,3903979044
1728475830016,False,True,9e-05,62132.4,3903979045
1728475830016,False,True,9e-05,62132.4,3903979046
1728475830214,True,False,0.00019,62132.4,3903979047
1728475830369,True,False,0.00059,62132.4,3903979048
1728475830775,True,False,0.00059,62132.4,3903979049
1728475831178,True,False,0.00059,62132.4,3903979050
1728475831364,False,True,0.00341,62132.41,3903979051
1728475831697,False,True,0.003,62132.41,3903979052
1728475831725,False,True,0.00014,62132.41,3903979053
1728475831777,True,False,0.0071,62132.4,3903979054
1728475831883,True,False,0.00059,62132.4,3903979055
1728475832307,False,True,0.08,62132.41,3903979056
1728475832307,False,True,0.04,62132.41,3903979057
1728475832307,False,True,0.16,62132.41,3903979058
1728475832772,False,True,0.0006,62132.41,3903979059
1728475832896,True,False,0.00112,62132.4,3903979060
1728475833040,False,True,0.00025,62132.41,3903979061
1728475833168,False,True,0.00026,62132.41,3903979062
1728475834465,False,True,0.00024,62132.41,3903979063
1728475834889,False,True,0.00024,62132.41,3903979064
1728475835100,True,False,0.00541,62132.4,3903979065
1728475835622,False,True,0.00924,62132.41,3903979066
1728475835891,True,False,0.00128,62132.4,3903979067
